%% This BibTeX bibliography file was created using BibDesk.
%% https://bibdesk.sourceforge.io/

%% Created for Morven Liu at 2024-07-28 20:01:28 +0800 


%% Saved with string encoding Unicode (UTF-8) 



@incollection{aas_feasibility_2016,
  author    = {Aas, T.H. and Pedersen, P.E.},
  booktitle = {Open {Innovation}: {A} {Multifaceted} {Perspective}},
  pages     = {287--314},
  title     = {The feasibility of open service innovation},
  volume    = {1},
  year      = {2016}
}

@article{amabile_assessing_1996,
  author  = {Amabile, T.M. and Conti, R. and Coon, H. and Lazenby, J. and Herron, M.},
  doi     = {10.2307/256995},
  journal = {Academy of Management Journal},
  number  = {5},
  pages   = {1154--1184},
  title   = {Assessing the work environment for creativity},
  volume  = {39},
  year    = {1996}
}

@online{apple2024,
  author = {Apple},
  title  = {Apple empowers developers and fuels innovation with new tools and resources},
  year   = {2024}
}

@article{arvaniti_new_2022,
  author  = {Arvaniti, E.N. and Dima, A. and Stylios, C.D. and Papadakis, V.G.},
  doi     = {10.3390/su14106017},
  journal = {Sustainability (Switzerland)},
  number  = {10},
  title   = {A {New} {Step}-by-{Step} {Model} for {Implementing} {Open} {Innovation}},
  volume  = {14},
  year    = {2022}
}

@inproceedings{babin_leveraging_2019,
  author = {Babin, P. and Ghorashy, A.},
  doi    = {10.1109/TEMSCON.2019.8813629},
  title  = {Leveraging organizational change management to strengthen benefit delivery in innovation},
  year   = {2019}
}

@article{bause_feasibility_2014,
  abstract = {The term ``feasibility study'' is often used in context of product development processes. Feasibility studies focus on five subjects: technical, economic, legal, operational and scheduling feasibility studies. The best known field is the economic one. While in economy science there is a standard-proceeding of a ``feasibility study``, in a technical context the term is used in different ways as shown by various research work. Thus, this paper aims to point out the relation of technical feasibility studies (TFS) and product development in context of the integrated product development model (iPeM).},
  author   = {Bause, Katharina and Radimersky, Aline and Iwanicki, Marinette and Albers, Albert},
  doi      = {10.1016/j.procir.2014.03.128},
  issn     = {22128271},
  journal  = {Procedia CIRP},
  language = {en},
  pages    = {473--478},
  title    = {Feasibility {Studies} in the {Product} {Development} {Process}},
  urldate  = {2023-12-12},
  volume   = {21},
  year     = {2014}
}

@article{bhosekar_framework_2021,
  author   = {Bhosekar, Atharv and Ierapetritou, Marianthi},
  doi      = {10.1016/j.compchemeng.2020.107175},
  issn     = {00981354},
  journal  = {Computers \& Chemical Engineering},
  language = {en},
  month    = feb,
  pages    = {107175},
  title    = {A framework for supply chain optimization for modular manufacturing with production feasibility analysis},
  urldate  = {2023-12-12},
  volume   = {145},
  year     = {2021}
}

@inproceedings{birkle_open_2013,
  author     = {Birkle, M. and Gewald, H.},
  date       = {2013},
  doi        = {10.1109/ICDIM.2013.6694028},
  eventtitle = {8th International Conference on Digital Information Management, {ICDIM} 2013},
  pages      = {396--401},
  title      = {Open innovation - A phased adoption model and its application to German {SMEs}}
}

@article{calandro_credit_2023,
  author  = {Calandro, J. and Paharia, V.},
  doi     = {10.1108/SL-02-2023-0024},
  journal = {Strategy and Leadership},
  number  = {3},
  pages   = {31--38},
  title   = {The credit cycle and corporate strategy: challenges and solutions},
  volume  = {51},
  year    = {2023}
}

@article{cammarano_extracting_2022,
  author  = {Cammarano, A. and Michelino, F. and Caputo, M.},
  doi     = {10.1111/caim.12495},
  journal = {Creativity and Innovation Management},
  number  = {2},
  pages   = {322--339},
  title   = {Extracting firms' {R}\&{D} processes from patent data to study inbound and coupled open innovation},
  volume  = {31},
  year    = {2022}
}

@article{chen_chaoxuexi_2011,
  abstract      = {Carayannis在十多年前提出了技术超学习的概念,认为技术学习是一个涉及多个层次的过程,包括操作层、战术层和战略层,各个层次侧重不同的知识内容以及知识传播、升值的方式。技术超学习从纵向上对企业的技术学习进行了解构,有少数学者进行了相关研究。而Chesbrough之后提出的开放式创新模式无疑为技术超学习研究打开了一扇门。开放式创新意味着企业的创意与知识源不仅来自组织内部,还来自外部的用户、上下游企业、竞争对手、产学研连接等主体,这种模式从横向上为企业的技术创新行为提供了一个新思路。有许多学者从创新源、知识流动方向、机理模式等方面进行了探讨。而本文则创新性地从横向和纵向两方面来考察企业的技术学习行为,即在开放式创新模式下企业进行基于三个层次的技术学习如何对企业的创新绩效产生影响?本研究主要包括理论综述、实证分析以及结果讨论与研究展望三部分。},
  author        = {陈, 劲 and 刘, 振},
  date          = {2011},
  date-modified = {2024-07-28 19:52:45 +0800},
  doi           = {10.13587/j.cnki.jieem.2011.04.006},
  file          = {开放式创新模式下技术超学习对创新绩效的影响_陈劲.pdf:/Users/morvenliu/Zotero/storage/5E45Q6YE/开放式创新模式下技术超学习对创新绩效的影响_陈劲.pdf:application/pdf},
  issn          = {1004-6062},
  journaltitle  = {管理工程学报},
  keywords      = {创新绩效, 开放式创新, 技术学习, 技术超学习},
  langid        = {pinyin},
  number        = {4},
  pages         = {1--7},
  title         = {开放式创新模式下技术超学习对创新绩效的影响},
  urldate       = {2024-07-21},
  volume        = {25}
}

@article{chen_dongtai_2009,
  abstract      = {Chesbrough教授提出的开放式创新为创新管理提供了一种全新的思维模式,但企业如何有效地实施和管理开放式创新仍然缺乏研究。文章以U-A模型为基础,分析不同产业的企业在技术创新不同阶段关键的外部创新要素,并实证验证各外部创新要素对创新绩效的影响,构建符合我国企业创新实际的开放式创新动态模式。研究发现:在产品创新阶段,科技驱动型产业的企业有选择地向少数外部创新要素深度开放能促进创新,经验驱动型产业的企业与多个外部组织的有效联接能促进创新;工艺创新更多地依赖于企业内部员工的技术能力、经验积累和工作责任心;平台创新阶段,企业内部技术能力积累以及将技术与市场整合满足用户多样化需求的能力是创新成功的关键。},
  author        = {陈, 钰芬},
  date          = {2009},
  date-modified = {2024-07-28 19:52:40 +0800},
  doi           = {10.19571/j.cnki.1000-2995.2009.05.001},
  file          = {企业开放式创新的动态模式研究_陈钰芬.pdf:/Users/morvenliu/Zotero/storage/KGGD96JW/企业开放式创新的动态模式研究_陈钰芬.pdf:application/pdf},
  issn          = {1000-2995},
  journaltitle  = {科研管理},
  keywords      = {U-A模型, 创新要素, 动态模式, 开放式创新},
  langid        = {pinyin},
  number        = {5},
  pages         = {1--11},
  title         = {企业开放式创新的动态模式研究},
  urldate       = {2024-07-21},
  volume        = {30}
}

@article{chen_jixiao_2007,
  abstract     = {针对企业的组织开放式创新文化支持度、市场导向以及不同创新程度分析与创新绩效的关系。借助开放式创新理论分析企业开放式创新文化支持度对于中小企业的市场导向的影响,并进一步按照创新程度区分突变性创新与渐进性创新,探讨市场导向对于创新绩效的影响程度。通过来自江浙沪闽四地的241家中小高新技术企业的数据,结合结构方程建模({SEM})进行实证研究。结果表明,这些区域的中小高新技术企业开放式创新文化与企业的市场导向,对于不同的创新程度的绩效影响程度不同。},
  author       = {陈, 衍泰 and 何, 流 and 司, 春林},
  date         = {2007},
  doi          = {10.16192/j.cnki.1003-2053.2007.03.031},
  file         = {开放式创新文化与企业创新绩...来自江浙沪闽四地的数据实证_陈衍泰.pdf:/Users/morvenliu/Zotero/storage/HHJ5AZ2S/开放式创新文化与企业创新绩...来自江浙沪闽四地的数据实证_陈衍泰.pdf:application/pdf},
  issn         = {1003-2053},
  journaltitle = {科学学研究},
  keywords     = {实证研究, 市场导向, 开放式创新, 新产品开发},
  langid       = {pinyin},
  number       = {3},
  pages        = {567--572},
  title        = {开放式创新文化与企业创新绩效关系的研究------来自江浙沪闽四地的数据实证},
  url          = {https://kns.cnki.net/kcms2/article/abstract?v=FqYZq-Q0wRRsJFsOhiTQuxbdZOhZeN--GS7ZccaaTbTTxpyEKAtDGmXCXaWESfFqBzdKLwKzaHoMS5WM_zcugnhaGJfiMs-25paScue6aXgVrLOYmqdzGVuvjMklNsWnNDDYQu3_0UuYfCjbpbMIfIjN4ehVFsmNfPSwhDtTniVY_eaZjuxwAfv8c3kwppzd&uniplatform=NZKPT&language=CHS},
  urldate      = {2024-07-21}
}

@article{chen_jixiao_2009,
  abstract     = {Chesbrough教授提出的开放式创新为创新管理提供了一种全新的思维模式。本文基于209家中国创新型企业的问卷调查数据,采用结构方程模型对开放式创新的机理与作用路径进行了实证分析。研究结果表明开放式创新主要是通过获取市场信息资源和技术资源,以弥补企业内部创新资源的不足,进而提高创新绩效。机理研究揭示了开放式创新体系下各创新要素对促进创新绩效的作用,为企业在创新实践中根据自身资源的拥有状况,有选择地与外部创新要素有效联接,获取外部创新资源,更有效地实施开放式创新提供理论指导。},
  author       = {陈, 钰芬 and 陈, 劲},
  date         = {2009},
  doi          = {10.19571/j.cnki.1000-2995.2009.04.001},
  file         = {开放式创新促进创新绩效的机理研究_陈钰芬.pdf:/Users/morvenliu/Zotero/storage/UAUBYL2A/开放式创新促进创新绩效的机理研究_陈钰芬.pdf:application/pdf},
  issn         = {1000-2995},
  journaltitle = {科研管理},
  keywords     = {创新绩效, 开放式创新, 机理, 结构方程模型},
  langid       = {pinyin},
  number       = {4},
  pages        = {1--9+28},
  title        = {开放式创新促进创新绩效的机理研究},
  url          = {https://kns.cnki.net/kcms2/article/abstract?v=FqYZq-Q0wRTo4zv5j7uFuYeavYwO7AgYB_4bRp-y6aYQX2Ir4gCy8zQeBBXDEPfrVL4FnUsZuVTtVPkJ6oprjJ65AEJtYcVi9J-8ZwSRIpOKjr6oC4Iizvnphnm0yrqKCay6cC_srxMI9sPk65cVyPd3YbQy-Jjxen0UAQkveW6ThPXR94uW5RSXD1WQ2UEa&uniplatform=NZKPT&language=CHS},
  urldate      = {2024-07-21},
  volume       = {30}
}

@article{chen_juji_2013,
  abstract     = {产业集聚对高技术产业创新具有重要影响。本文在开放式创新的背景下,整合集聚经济理论、资源观理论和制度理论三种理论视角,以中国高技术产业为研究对象选取了221个样本,对产业集聚程度和创新的关系进行了探索。研究发现,在不同的集聚程度下,产业集聚对创新的影响存在区别:集聚程度较低时,专业化集聚有利于创新,而多样化集聚抑制创新;相反,集聚程度较高时,专业化集聚不利于创新,而多样化集聚促进创新。此外,企业开放式的创新战略能够有效提高多样化集聚对创新绩效的影响。},
  author       = {陈, 劲 and 梁, 靓 and 吴, 航},
  date         = {2013},
  doi          = {10.16192/j.cnki.1003-2053.2013.04.019},
  file         = {开放式创新背景下产业集聚与...究------以中国高技术产业为例_陈劲.pdf:/Users/morvenliu/Zotero/storage/YKNWGJRC/开放式创新背景下产业集聚与...究------以中国高技术产业为例_陈劲.pdf:application/pdf},
  issn         = {1003-2053},
  journaltitle = {科学学研究},
  keywords     = {专业化集聚, 创新绩效, 多样化集聚, 开放式创新},
  langid       = {pinyin},
  number       = {4},
  pages        = {623--629+577},
  title        = {开放式创新背景下产业集聚与创新绩效关系研究------以中国高技术产业为例},
  url          = {https://kns.cnki.net/kcms2/article/abstract?v=FqYZq-Q0wRRZ5In0dh8kJwhSc9TXnYpP6p4HSlffqtndGOTVGPF1r1tRtVAwMb7Nf2e0jsLePFaD73nV0kzI3AVgm3Ul8Ddm0zLwuc5nMotSyoz43fxiuz2WoHoKQ4NLno1CoRN5lHq8Oz923-Z3TagIF8hKSDRvBLqRa7jCrZU90xtPlwvqrF7j4FPIt1DK&uniplatform=NZKPT&language=CHS},
  urldate      = {2024-07-21},
  volume       = {31}
}

@article{chen_kaifangdu_2012,
  abstract     = {在开放式创新范式下,外部技术合作成为企业有效获取技术创新所需关键资源的一个重要途径。合作模式和开放度成为有效管理企业技术合作获取外部资源的关键。本研究对213个装备制造业企业为样本进行统计和曲线拟合得到了在不同模式下开放度与外部关键资源获取之间的关系。合作化开放度对新技术获取和专用性互补资产获取都呈现不同形状的倒U型关系,市场化开放度对新技术获取也呈现倒U型关系,但是对专用性互补资产呈现直线下降关系。统计结果有助于企业对照自身情况选择适当的合作模式和开放度以有效获取外部关键资源。},
  author       = {陈, 劲 and 吴, 波},
  date         = {2012},
  doi          = {10.19571/j.cnki.1000-2995.2012.09.002},
  file         = {开放式创新下企业开放度与外部关键资源获取_陈劲.pdf:/Users/morvenliu/Zotero/storage/2VAFV578/开放式创新下企业开放度与外部关键资源获取_陈劲.pdf:application/pdf},
  issn         = {1000-2995},
  journaltitle = {科研管理},
  keywords     = {关键资源, 合作模式, 开放度, 开放式创新, 曲线},
  langid       = {pinyin},
  number       = {9},
  pages        = {10--21+106},
  title        = {开放式创新下企业开放度与外部关键资源获取},
  url          = {https://kns.cnki.net/kcms2/article/abstract?v=FqYZq-Q0wRT58cFG3M9TYXfqJcSyx0wOydAHbwzC1u8-lLQktp7odSbL0lSBbqwFiPHMmqgUqRSrW8rScIOzNSPVwi2jYJEYyAQ118uyoz_23QEdNRFyoCBYprJtnKuauaMlSOLpJCm4yJUn9CqXNt-PSdv9qau5s2hmVxJqWfAfwrJZfcLRrN1GRPeCgM2l&uniplatform=NZKPT&language=CHS},
  urldate      = {2024-07-21},
  volume       = {33}
}

@article{chen_shuping_2009,
  abstract      = {随着全球化竞争的日益加剧,为了获取利润并保持企业的竞争优势,企业的技术创新已经无法像传统的封闭式创新那样完全依赖自身的研究,而应采取通过购买其它企业的研究成果、与其它企业合作、或将自己的研究成果授权给其它企业开发等开放式的创新模式。通过对现有国外文献的查询与阅读,探索了开放式创新概念的由来及内涵,对此概念的延伸及应用进行综述,分析了开放式创新的驱动和模式,并进一步探讨了最新的开放式商务模式创新的观点。最后,提出了开放式创新未来的研究方向。},
  author        = {陈, 秋英},
  date          = {2009},
  date-modified = {2024-07-28 19:52:32 +0800},
  file          = {国外企业开放式创新研究述评_陈秋英.pdf:/Users/morvenliu/Zotero/storage/HEJTSLZC/国外企业开放式创新研究述评_陈秋英.pdf:application/pdf},
  issn          = {1001-7348},
  journaltitle  = {科技进步与对策},
  keywords      = {开放式创新, 开放式商务模式创新, 研究综述},
  langid        = {pinyin},
  number        = {23},
  pages         = {196--200},
  title         = {国外企业开放式创新研究述评},
  url           = {https://kns.cnki.net/kcms2/article/abstract?v=FqYZq-Q0wRRLvX4aGyT8tIbHRDSB_HF08QC9DX9UBe2c8nkMG-lp-PEHOG42ArupySdWXaW625BMJ1njNYkSLSW7A3oUsXiwU-48xXQM39D1SqamYOje1r6g1JAGbVEjW9Lc0PH9Kj67y2XOFxk3z9rEOdlw0LVhLrbFeOi0CFOLuPXMjvUlzu1RF7zp4Gd4&uniplatform=NZKPT&language=CHS},
  urldate       = {2024-07-21},
  volume        = {26}
}

@article{chen_xishou_2011,
  abstract      = {提高企业知识吸收能力是开放式创新成功的关键因素。我国企业自主创新能力薄弱,对外部知识吸收能力不足。对企业知识吸收能力的影响因素进行归纳和实证研究后发现,企业在社会网络中的位置、企业获取外部知识的渠道、企业与外界联系的频繁和密切程度,是企业潜在吸收能力的关键因素;企业社会资本的关系维度、企业外部知识属性对实际吸收能力有重要影响。另外,企业知识基础、企业研发活动强度、员工的学习强度和方法、开放的组织文化、企业学习机制对提升潜在吸收能力和实际吸收能力也起着重要的作用。},
  author        = {陈, 劲 and 蒋, 子军 and 陈, 钰芬},
  date          = {2011},
  date-modified = {2024-07-28 19:52:27 +0800},
  file          = {开放式创新视角下企业知识吸收能力影响因素研究_陈劲.pdf:/Users/morvenliu/Zotero/storage/GL6339IX/开放式创新视角下企业知识吸收能力影响因素研究_陈劲.pdf:application/pdf},
  issn          = {1008-942X},
  journaltitle  = {浙江大学学报(人文社会科学版)},
  keywords      = {吸收能力, 开放式创新, 影响因素},
  langid        = {pinyin},
  number        = {5},
  pages         = {71--82},
  title         = {开放式创新视角下企业知识吸收能力影响因素研究},
  url           = {https://kns.cnki.net/kcms2/article/abstract?v=FqYZq-Q0wRRmqbzdIMRK5etK5MMvKej1XVSi5Cgi0M9hTbMtT2BL-oWPI6BtMO_s_ab-7fRsXMatVbT60Iq86facJdBq_oYf_OZLvKbygFG3HXlCKUMaViYhVITsilvNAG72MJle6L8ljR96L1WVisSKROLXlT0a7NVmSYbAjs5jjU-SShhd023gArqCdFYz&uniplatform=NZKPT&language=CHS},
  urldate       = {2024-07-21},
  volume        = {41}
}

@article{chen_zhongguoqiye_2009,
  abstract      = {借鉴Chesbrough提出的开放式创新模式,介绍了中国企业开放式创新的实践。认为开放式创新模式能减小创新技术和市场的不确定性,在开放创新体系下,技术创新将吸纳更多的创新要素,形成以创新利益相关者为基准的多主体创新模式。通过浙江海正药业有限公司开放式自主创新的案例,解析企业如何在密集的内部研发基础上,借助外力,通过有效的创新管理和内外创新资源整合提升创新能力。},
  author        = {陈, 钰芬},
  date          = {2009},
  date-modified = {2024-07-28 19:52:21 +0800},
  file          = {开放式创新_提升中国企业自主创新能力_陈钰芬.pdf:/Users/morvenliu/Zotero/storage/GM7JLLJI/开放式创新_提升中国企业自主创新能力_陈钰芬.pdf:application/pdf},
  issn          = {1002-0241},
  journaltitle  = {科学学与科学技术管理},
  keywords      = {创新资源整合, 开放式创新, 自主创新},
  langid        = {pinyin},
  number        = {4},
  pages         = {81--86},
  shorttitle    = {开放式创新},
  title         = {开放式创新:提升中国企业自主创新能力},
  url           = {https://kns.cnki.net/kcms2/article/abstract?v=FqYZq-Q0wRQ-dIh2FFkM5L0dOeKxKcB6yexD7C9F0NOQVQcimebN9ZQAqWRjbo2avlJVPYI5HlAAlTtIASbNdvmFkLdHOhifJ8FzeXaFjAlnSSMsuFi5hiqMwkS8P3hn5jCcIPaEbiT3TgICmcIjgETCcDQxYt6637TJI8F4gdiw5Ih9nUchJFMEQ7cPfOPR&uniplatform=NZKPT&language=CHS},
  urldate       = {2024-07-21},
  volume        = {30}
}

@article{chen_zhongxiao_2013,
  abstract      = {以中小企业为研究对象,将开放式创新能力分解为发明能力、吸收能力、变革能力、连接能力、创新能力和解吸能力,运用结构方程建模实证检验了上述各种能力对创新绩效的影响.研究表明,发明能力、吸收能力、连接能力和创新能力对中小企业的创新绩效具有显著正向影响,而变革能力和解吸能力对创新绩效的影响不显著.当前中小企业开放式创新体现出一定的由外而内的特征,但各项能力的发展不均衡;与内部探索相比,更侧重于外部探索;内部保留和外部开发成为当前中小企业开放式创新的能力短板;连接能力的作用更多地体现在销售环节,而不是研发环节.最后,指出未来研究的方向.},
  author        = {陈, 艳 and 范, 炳全},
  date          = {2013},
  date-modified = {2024-07-28 19:52:16 +0800},
  doi           = {10.13581/j.cnki.rdm.2013.01.007},
  file          = {中小企业开放式创新能力与创新绩效的关系研究_陈艳.pdf:/Users/morvenliu/Zotero/storage/DUY3IVKK/中小企业开放式创新能力与创新绩效的关系研究_陈艳.pdf:application/pdf},
  issn          = {1004-8308},
  journaltitle  = {研究与发展管理},
  keywords      = {中小企业, 创新绩效, 开放式创新, 能力},
  langid        = {pinyin},
  number        = {1},
  pages         = {24--35},
  title         = {中小企业开放式创新能力与创新绩效的关系研究},
  url           = {https://kns.cnki.net/kcms2/article/abstract?v=FqYZq-Q0wRTCfYDKNTesqbKjcwQu3ZRZWOD9jnq17qU16zElfmUfxCr0whsb2H7h1ZPPlQ5e8mlnCwnkNkK2V2OcpOHUql4vYzFaVkwUHjfxbhgVOhtlNA7NooEks1aZ1PL0TsSN6k11evyxfEmKlcPu7rUlgif7uUIIvwR3XJFpu0OAAGPA3kefnBlnx2Ye&uniplatform=NZKPT&language=CHS},
  urldate       = {2024-07-21},
  volume        = {25}
}

@article{chen_ziyuan_2006,
  abstract      = {本文借鉴Henry Chesbrough提出的开放式创新范式,着重研究如何通过有效的创新管理和技术创新资源配置,避免创新的两难境地,提高企业技术创新能力。文章认为开放式创新模式能减小技术创新技术和市场的不确定性。开放创新体系下,技术创新将吸纳更多的创新要素,形成以创新利益相关者为基准的多主体创新模式。并融合上海宝钢集团的案例加以阐述。文章提出以全面创新投入替代研发投入来衡量企业技术创新水平将更为合理和完整。},
  author        = {陈, 劲 and 陈, 钰芬},
  date          = {2006},
  date-modified = {2024-07-28 19:52:11 +0800},
  doi           = {10.19571/j.cnki.1000-2995.2006.03.001},
  file          = {开放创新体系与企业技术创新资源配置_陈劲.pdf:/Users/morvenliu/Zotero/storage/36HKKEFY/开放创新体系与企业技术创新资源配置_陈劲.pdf:application/pdf},
  issn          = {1000-2995},
  journaltitle  = {科研管理},
  keywords      = {全面创新投入, 创新资源配置, 开放式创新},
  langid        = {pinyin},
  number        = {3},
  pages         = {1--8},
  title         = {开放创新体系与企业技术创新资源配置},
  url           = {https://kns.cnki.net/kcms2/article/abstract?v=FqYZq-Q0wRRgxJqC8o4VadT9Ent0Ba6CYOxeF4fmKlXGoHdQ5W5gOrgB3P1r9OADfntA1h-9Ims27xRxubFPEtxQ3KwJQcDL79QppD9CTUgHe-vgitTZndegPROaYufvA66FrdnSJgy0_6lKqTcduauW_FKohqbL9X9BTihB4120P9CC476WXlL7YJcKkIuJ&uniplatform=NZKPT&language=CHS},
  urldate       = {2024-07-21}
}

@article{chesbrough_beyond_2006,
  author  = {Chesbrough, H. and Crowther, A.K.},
  doi     = {10.1111/j.1467-9310.2006.00428.x},
  journal = {R and D Management},
  number  = {3},
  pages   = {229--236},
  title   = {Beyond high tech: {Early} adopters of open innovation in other industries},
  volume  = {36},
  year    = {2006}
}

@article{chesbrough_future_2017,
  author  = {Chesbrough, H.},
  doi     = {10.1080/08956308.2017.1373048},
  journal = {Research Technology Management},
  number  = {6},
  pages   = {29--35},
  title   = {The {Future} of {Open} {Innovation}: {IRI} {Medal} {AddressThe} future of open innovation will be more extensive, more collaborative, and more engaged with a wider variety of participants},
  volume  = {60},
  year    = {2017}
}

@book{chesbrough2016,
  author    = {Chesbrough, H. and Vanhaverbeke, W. and West, J.},
  publisher = {复旦大学出版社},
  title     = {开放式创新: 创新方法论之新语境 = New frontiers in open innovation},
  year      = {2016}
}

@book{chesbrough2022,
  author    = {Chesbrough, H.},
  publisher = {广东经济出版社},
  title     = {开放式创新: the new imperative for creating and profiting from technology = Open innovation},
  year      = {2022}
}

@incollection{culpan_challenges_2014,
  author    = {Culpan, R.},
  booktitle = {Open {Innovation} {Through} {Strategic} {Alliances}: {Approaches} for {Product}, {Technology}, and {Business} {Model} {Creation}},
  doi       = {10.1057/9781137394507_14},
  pages     = {293--322},
  title     = {The challenges and prospects of open innovation through strategic alliances},
  year      = {2014}
}

@article{dabic_limits_2023,
  author  = {Dabi{\'c}, M. and Daim, T. and Bogers, M.L.A.M. and Mention, A.-L.},
  doi     = {10.1016/j.technovation.2023.102786},
  journal = {Technovation},
  title   = {The limits of open innovation: {Failures}, risks, and costs in open innovation practice and theory},
  volume  = {126},
  year    = {2023}
}

@article{dahlander_how_2010,
  author  = {Dahlander, L. and Gann, D.M.},
  doi     = {10.1016/j.respol.2010.01.013},
  journal = {Research Policy},
  number  = {6},
  pages   = {699--709},
  title   = {How open is innovation?},
  volume  = {39},
  year    = {2010}
}

@article{davidson_assessing_2023,
  author  = {Davidson, A.},
  doi     = {10.1108/SL-02-2023-0021},
  journal = {Strategy and Leadership},
  title   = {Assessing value chain acquisitions that support differentiation innovation initiatives: lessons from {Apple}},
  year    = {2023}
}

@article{dobni_measuring_2008,
  author  = {Dobni, C.B.},
  doi     = {10.1108/14601060810911156},
  journal = {European Journal of Innovation Management},
  number  = {4},
  pages   = {539--559},
  title   = {Measuring innovation culture in organizations: {The} development of a generalized innovation culture construct using exploratory factor analysis},
  volume  = {11},
  year    = {2008}
}

@article{dong_gongyinglian_2024,
  abstract      = {高科技企业开放式创新是建立高精尖产业链的必然趋势。因此，探究供应链生态圈开放式创新对企业创新绩效的影响，以及外部创新压力（政策压力、顾客压力、同行业压力和供应商压力）对上述关系的调节作用，对企业和政府有较强的指导意义。其结果发现供应链生态圈开放式创新对高科技企业的创新绩效有积极影响；行业创新压力会对开放式创新与创新绩效的关系起到积极作用，而顾客则起到相反的作用。研究结论不仅为企业供应链网络节点建设与合作战略提出建议，还为政府在推行供应链生态圈开放式创新方面提供了政策参考。},
  author        = {董, 秉坤 and 陈, 嘉轶 and 杨, 叶飞},
  date          = {2024},
  date-modified = {2024-07-28 19:52:52 +0800},
  doi           = {10.15886/j.cnki.hnus.202206.0003},
  file          = {京津冀高科技企业供应链开放式创新绩效研究_董秉坤.pdf:/Users/morvenliu/Zotero/storage/FMKXAELJ/京津冀高科技企业供应链开放式创新绩效研究_董秉坤.pdf:application/pdf},
  issn          = {1004-1710},
  journaltitle  = {海南大学学报(人文社会科学版)},
  keywords      = {创新生态圈, 创新绩效, 制度理论, 开放式创新},
  langid        = {pinyin},
  number        = {1},
  pages         = {167--172},
  title         = {京津冀高科技企业供应链开放式创新绩效研究},
  urldate       = {2024-07-21},
  volume        = {42}
}

@article{flor_analysis_2021,
  author  = {Flor, M.L. and Oltra-Mestre, M.J. and Sanjurjo, E.L.},
  doi     = {10.1109/TEM.2019.2911253},
  journal = {IEEE Transactions on Engineering Management},
  number  = {3},
  pages   = {853--867},
  title   = {An {Analysis} of {Open} {Innovation} {Strategies} in {Firms} in {Low} and {Medium} {Technology} {Industries}},
  volume  = {68},
  year    = {2021}
}

@incollection{friedl_introduction_2018,
  author    = {Friedl, G. and Kayser, H.J.},
  booktitle = {Management for {Professionals}},
  doi       = {10.1007/978-3-319-64864-4_1},
  pages     = {1--3},
  title     = {Introduction},
  volume    = {Part F615},
  year      = {2018}
}

@article{gao_neihan_2014,
  abstract     = {本文在回顾10年来国外开放式创新研究成果的基础上,建立了包括开放式创新原因、过程和结果 3个因素及其关系的整合框架,归纳出6个研究主题进行综述并指出其中的研究不足,以及在研究对象、层面和方法方面的研究趋势。最后分析了国内学者在6个相同主题方面的研究现状,提出了开放式创新在中国情境下需要研究的现实与理论问题。},
  author       = {高, 良谋 and 马, 文甲},
  date         = {2014},
  doi          = {10.19744/j.cnki.11-1235/f.2014.06.013},
  file         = {开放式创新_内涵、框架与中国情境_高良谋.pdf:/Users/morvenliu/Zotero/storage/2RFTUMQ6/开放式创新_内涵、框架与中国情境_高良谋.pdf:application/pdf},
  issn         = {1002-5502},
  journaltitle = {管理世界},
  keywords     = {中国情境, 封闭式创新, 开放式创新},
  langid       = {pinyin},
  number       = {6},
  pages        = {157--169},
  shorttitle   = {开放式创新},
  title        = {开放式创新:内涵、框架与中国情境},
  urldate      = {2024-07-21}
}

@article{gassmann_future_2010,
  author  = {Gassmann, O. and Enkel, E. and Chesbrough, H.},
  doi     = {10.1111/j.1467-9310.2010.00605.x},
  journal = {R and D Management},
  number  = {3},
  pages   = {213--221},
  title   = {The future of open innovation},
  volume  = {40},
  year    = {2010}
}

@article{ge_xianzhuang_2011,
  abstract      = {开放式创新是在传统创新模式逼仄情势下出现的"创新范式转型"。在以总量变化的解释性数据与内容分析相结合的研究方法发现,开放式创新更适应了全球化网络化的发展趋势,其研究数量自2003年以来逐年攀升,研究内容涉及概念源起、组织形式、产权及创新风险、绩效等多个视角,对科学、技术和创新政策的制定有很大意义。在未来的研究中,该领域可着力于其中的人力资源问题、组织管理成本、外部环境及政策、局部创新与全局整合的平衡等角度展开研究。},
  author        = {葛, 秋萍 and 辜, 胜祖},
  date          = {2011},
  date-modified = {2024-07-28 19:52:57 +0800},
  doi           = {10.19571/j.cnki.1000-2995.2011.05.006},
  file          = {开放式创新的国内外研究现状及展望_葛秋萍.pdf:/Users/morvenliu/Zotero/storage/BTJQFY6N/开放式创新的国内外研究现状及展望_葛秋萍.pdf:application/pdf},
  issn          = {1000-2995},
  journaltitle  = {科研管理},
  keywords      = {创新模式, 开放式创新, 未来展望, 研究现状},
  langid        = {pinyin},
  number        = {5},
  pages         = {43--48},
  title         = {开放式创新的国内外研究现状及展望},
  urldate       = {2024-07-21},
  volume        = {32}
}

@article{gehani2016corporate,
  author    = {Gehani, R.R.},
  journal   = {Journal of Technology Management \& Innovation},
  number    = {3},
  pages     = {11--20},
  publisher = {Scielo},
  title     = {Corporate brand value shifting from identity to innovation capability: from Coca-Cola to Apple},
  volume    = {11},
  year      = {2016}
}

@article{geng_moxing_2017,
  abstract      = {[目的 /意义]在知识社会时代,智库需要充分利用内外部资源进行知识开发和利用,才能适应复杂多变的外部环境与日益高端专业的决策咨询需求。构建智库知识管理模型能为我国新型智库的知识管理实践提出参考,增强智库知识服务能力。[方法 /过程]采用概念模型法,基于开放式创新范式,结合智库知识活动的基本流程,构建智库知识管理模型;采用实例验证法重点调研15个国际知名智库的知识管理实践,对模型进行验证,并结合我国智库建设对该模型进行应用分析。[结果 /结论]基于开放式创新的智库知识管理是利用内外部显性和隐性知识资源,嵌入智库知识活动全流程,以知识内外部流动促进知识创新的过程;模型是由知识基础设施、知识生产、知识创新三部分组成,具备开放性、网络性、动态性特征,验证表明该模型具有可行性和有效性。我国新型智库建设的知识管理应深度整合开放性知识内容,注重专家隐性知识转化;建立广泛的研究合作网络,促进知识流动与共享;増强知识再转化,提升知识服务能力。},
  author        = {耿, 瑞利 and 申, 静},
  date          = {2017},
  date-modified = {2024-07-28 19:53:01 +0800},
  doi           = {10.13266/j.issn.0252-3116.2017.02.016},
  file          = {基于开放式创新的智库知识管理模型构建及应用_耿瑞利.pdf:/Users/morvenliu/Zotero/storage/6SJD6HF2/基于开放式创新的智库知识管理模型构建及应用_耿瑞利.pdf:application/pdf},
  issn          = {0252-3116},
  journaltitle  = {图书情报工作},
  keywords      = {开放式创新, 智库, 模型构建, 知识创新, 知识管理},
  langid        = {pinyin},
  number        = {2},
  pages         = {121--128},
  title         = {基于开放式创新的智库知识管理模型构建及应用},
  url           = {https://kns.cnki.net/kcms2/article/abstract?v=FqYZq-Q0wRR0zP13cD6ynSL35qSboJBSouEB7VUta8DT3LkrDtOR6LygOsa-UQ63diO2n91q2YgmwJDxduCSfrOqBq4ptc3_ArOjViHeBl4IBDCQrQPa8Sgj8sGFVE_HxYbf1AZHAB4Aelh_h9I5gQb1tm4sRlkAkyL1ddhQ_QbwbDUuDTgRaSI6cob-ks7wyyjT9sfgZlE=&uniplatform=NZKPT&language=CHS},
  urldate       = {2024-07-21},
  volume        = {61}
}

@article{gunday_effects_2011,
  author  = {Gunday, G. and Ulusoy, G. and Kilic, K. and Alpkan, L.},
  doi     = {10.1016/j.ijpe.2011.05.014},
  journal = {International Journal of Production Economics},
  number  = {2},
  pages   = {662--676},
  title   = {Effects of innovation types on firm performance},
  volume  = {133},
  year    = {2011}
}

@article{guo_shuzihua_2019,
  abstract     = {开放式创新如何影响企业绩效?这是战略与创新管理领域的一个重要研究话题。基于动态能力理论,本研究考察了数字化情境下创新开放度与新创企业成长绩效的关系,以及商业模式创新扮演的中介角色。基于一个数字化新创企业的大样本数据,对所提假设进行了实证检验。结果表明,在数字化情境下,创新开放深度能够显著提升新创企业成长绩效,并且商业模式创新在两者之间起到中介作用。研究结论为"开放式创新与企业绩效"这一学术对话提供了新的见解,同时为商业模式创新研究做出了贡献。},
  author       = {郭, 海 and 韩, 佳平},
  date         = {2019},
  doi          = {10.14120/j.cnki.cn11-5057/f.2019.06.020},
  file         = {数字化情境下开放式创新对新...响_商业模式创新的中介作用_郭海.pdf:/Users/morvenliu/Zotero/storage/P7MZU6A7/数字化情境下开放式创新对新...响_商业模式创新的中介作用_郭海.pdf:application/pdf},
  issn         = {1003-1952},
  journaltitle = {管理评论},
  keywords     = {动态能力, 商业模式创新, 开放式创新, 数字化, 新创企业成长},
  langid       = {pinyin},
  number       = {6},
  pages        = {186--198},
  shorttitle   = {数字化情境下开放式创新对新创企业成长的影响},
  title        = {数字化情境下开放式创新对新创企业成长的影响:商业模式创新的中介作用},
  urldate      = {2024-07-21},
  volume       = {31}
}

@mastersthesis{han_xinchanpin_2021,
  author = {韩磊},
  title  = {企业质量管理实践与新产品开发绩效关系研究},
  school = {江苏大学},
  year   = {2020}
}    


@article{he_dongtai_2015,
  abstract      = {开放式创新是指企业在技术创新过程中通过与外部组织的广泛合作,整合内外部创新资源进而提高创新效率与效益的一类创新模式。该现象已经引起中外学者的共同关注,研究内容涉及开放式创新的内涵界定、类型及模式、对竞争优势的影响、决策影响因素及管理策略等。纵观国内外开放式创新研究,在理论探讨、实证研究、外向开放式创新、开放的风险与成本、基于中国情境的研究等方面存在着不足,应当成为今后开放式创新研究的重要内容。},
  author        = {何, 郁冰},
  date          = {2015},
  date-modified = {2024-07-28 19:53:19 +0800},
  file          = {国内外开放式创新研究动态与展望_何郁冰.pdf:/Users/morvenliu/Zotero/storage/VD93U59J/国内外开放式创新研究动态与展望_何郁冰.pdf:application/pdf},
  issn          = {1002-0241},
  journaltitle  = {科学学与科学技术管理},
  keywords      = {开放式创新, 研究动态, 研究展望},
  langid        = {pinyin},
  number        = {3},
  pages         = {3--12},
  title         = {国内外开放式创新研究动态与展望},
  urldate       = {2024-07-21},
  volume        = {36}
}

@book{henry_chesbrough__2022,
  abstract     = {本书共九章,内容包括:"施乐PARC:封闭式创新的成就与局限""封闭式创新范式""开放式创新范式""商业模式:连接内部创新和外部创新""从封闭式创新到开放式创新:IBM公司的转型""英特尔的开放式创新""利用内部技术创造新的风险企业:朗讯科技公司的新风险投资集团"等},
  address      = {Guang zhou},
  author       = {{(美)亨利·切萨布鲁夫(Henry Chesbrough)著;唐兴通,王崇锋译.} and {切萨布鲁夫 Chesbrough, Henry 1956-.}},
  collaborator = {{唐兴通} and {王崇锋}},
  edition      = {Di 1 ban},
  isbn         = {978-7-5454-8312-3},
  language     = {chi},
  note         = {OCLC: 1375160157},
  publisher    = {广东经济出版社},
  shorttitle   = {开放式创新},
  title        = {开放式创新: the new imperative for creating and profiting from technology = {Open} innovation},
  year         = {2022}
}

@book{henry_chesbrough__2023,
  abstract     = {本书更新了对"开放式创新"的认知,阐释了如何利用开放式创新获得更好的商业成效.书中讨论了大量企业和组织通过开放式创新获得的成效,重点研究了开放式创新在中国的效能,尤其是在高铁,汽车和半导体等不同行业中的实践和效果,试图阐明什么是"具有中国特色的开放式创新"},
  address      = {Beijing},
  author       = {{(美)亨利·切萨布鲁夫(Henry Chesbrough)著;陈劲编译.} and {切萨布鲁夫 Chesbrough, Henry 1956-.}},
  collaborator = {{陈劲}},
  edition      = {Di 1 ban},
  isbn         = {978-7-121-44758-7},
  language     = {chi},
  note         = {OCLC: 1408499010},
  publisher    = {电子工业出版社},
  shorttitle   = {开放式创新实践指南},
  title        = {开放式创新实践指南: 激发组织效能获得商业结果},
  year         = {2023}
}

@book{henry_chesbrough_wim_vanhaverbeke_joel_west____2016,
  abstract     = {本书讨论了开放式创新研究与主流管理理论联系在一起的必要性, 探索了开放式创新研究在中小企业, 低科技企业, 非盈利组织等新应用领域的延伸, 阐述了在不同分析层次分析开放式创新的必要性, 强调了开放式创新对于研发之外的传统上不参与开放式创新的人力资源管理, 公共关系和法务等职能的影响, 分析了开放式创新研究和惯例的持续的巨大变化以及这些变化怎样影响开放式创新的益处},
  address      = {Shanghai},
  author       = {{(美)亨利·切萨布鲁夫(Henry Chesbrough), (比利时)维姆·范哈弗贝克(Wim Vanhaverbeke), (美)乔·韦斯特(Joel West)编著 ; 扈喜林译} and {切萨布鲁夫 Chesbrough, Henry, 1956-}},
  collaborator = {{范哈佛贝克} and {韦斯特} and {扈喜林}},
  edition      = {Di 1 ban},
  isbn         = {978-7-309-12222-0},
  language     = {chi},
  note         = {OCLC: 1020370053},
  publisher    = {复旦大学出版社},
  shorttitle   = {开放式创新},
  title        = {开放式创新: 创新方法论之新语境 = {New} frontiers in open innovation},
  year         = {2016}
}

@article{hossain_comprehensive_2016,
  abstract     = {Purpose
                  -- The purpose of this study is to pursue a comprehensive review of the progress of open innovation literature.
                  
                  
                  Design/methodology/approach
                  -- Using a wide range of literature sources, altogether 293 articles relevant to the study's objective were identified for statistical analysis. Moreover, contributory articles published from 2003 to June 2015 were included for content analysis.
                  
                  
                  Findings
                  -- The study contributes in two ways. First, based on content analysis of the selected contributory articles, the authors shed light on the overall development of the open innovation literature and highlight the findings of significant studies. Second, the authors provide a detailed picture of the progress of open innovation literature by analyzing the comprehensive set of articles. Total yearly publication activity was calculated, and publication activity in different disciplines was addressed. The study unveils most influential articles, authors and journals that have discussed open innovation. The geographical locations of influential articles and authors are revealed. Additionally, frequently used keywords are listed.
                  
                  
                  Originality/value
                  -- The authors present a new framework of open innovation research, highlight the progress of existing research and suggest avenues for future research.},
  author       = {Hossain, Mokter and Islam, K.M. Zahidul and Sayeed, Mohammad Abu and Kauranen, Ilkka},
  date         = {2016-03-07},
  doi          = {10.1108/JSTPM-02-2015-0009},
  file         = {Hossain et al. - 2016 - A comprehensive review of open innovation literatu.pdf:/Users/morvenliu/Zotero/storage/L8ST88R6/Hossain et al. - 2016 - A comprehensive review of open innovation literatu.pdf:application/pdf},
  issn         = {2053-4620},
  journaltitle = {Journal of Science \& Technology Policy Management},
  langid       = {english},
  number       = {1},
  pages        = {2--25},
  rights       = {https://www.emerald.com/insight/site-policies},
  title        = {A comprehensive review of open innovation literature},
  url          = {https://www.emerald.com/insight/content/doi/10.1108/JSTPM-02-2015-0009/full/html},
  urldate      = {2024-07-21},
  volume       = {7}
}

@article{hossain_open_2016,
  abstract     = {Purpose
                  -- The purpose of this paper is to synthesize the extant literature on open innovation ({OI}) in small and medium-sized enterprises ({SMEs}).
                  
                  
                  Design/methodology/approach
                  -- An examination of the literature was undertaken to review the studies on open innovation in {SMEs}. The selected articles were classified in different themes and analyzed accordingly.
                  
                  
                  Findings
                  -- The study finds that adopting {OI} by {SMEs} improves their overall innovation performance. The authors found that a larger number of studies are based on a quantitative approach. Surprisingly, unlike in many other disciplines, scholars of North America have had a limited contribution. European scholars, along with some scholars from Korea and China, have been active in developing this field of {OI} in {SMEs}.
                  
                  
                  Research limitations/implications
                  -- This study provides theoretical and managerial implications. With thematic analysis, along with identifying gaps, conflations, and contradictions in the literature, this study proposes an agenda for future exploration.
                  
                  
                  Originality/value
                  -- The value of this study lies in the integration of the limited but scattered studies on {OI} in {SMEs}.},
  author       = {Hossain, Mokter and Kauranen, Ilkka},
  date         = {2016-02-15},
  doi          = {10.1108/JSMA-08-2014-0072},
  file         = {Hossain and Kauranen - 2016 - Open innovation in SMEs a systematic literature r.pdf:/Users/morvenliu/Zotero/storage/4GKMNRGU/Hossain and Kauranen - 2016 - Open innovation in SMEs a systematic literature r.pdf:application/pdf},
  issn         = {1755-425X},
  journaltitle = {Journal of Strategy and Management},
  langid       = {english},
  number       = {1},
  pages        = {58--73},
  rights       = {https://www.emerald.com/insight/site-policies},
  shorttitle   = {Open innovation in {SMEs}},
  title        = {Open innovation in {SMEs}: a systematic literature review},
  url          = {https://www.emerald.com/insight/content/doi/10.1108/JSMA-08-2014-0072/full/html},
  urldate      = {2024-07-21},
  volume       = {9}
}

@article{hou_guibi_2006,
  abstract      = {企业创新范式正由封闭式创新向开放式创新转变。开放式创新强调外部知识资源对于创新过程的重要性,并要求企业从内部和外部两个渠道加快企业技术研发和商业化速度。介绍并分析了Chesbrough开放式创新的概念与模型,归纳总结出开放式创新的风险与规避措施,并在此基础上指出其对我国大中型高科技企业实施开放式创新的启示和做法。},
  author        = {后, 锐 and 张, 毕西},
  date          = {2006},
  date-modified = {2024-07-28 19:53:31 +0800},
  file          = {企业开放式创新_概念、模型及其风险规避_后锐.pdf:/Users/morvenliu/Zotero/storage/SP9W6GUH/企业开放式创新_概念、模型及其风险规避_后锐.pdf:application/pdf},
  issn          = {1001-7348},
  journaltitle  = {科技进步与对策},
  keywords      = {开放式创新, 概念与模型, 风险规避},
  langid        = {pinyin},
  number        = {3},
  pages         = {140--142},
  shorttitle    = {企业开放式创新},
  title         = {企业开放式创新:概念、模型及其风险规避},
  url           = {https://kns.cnki.net/kcms2/article/abstract?v=FqYZq-Q0wRR7Ypl_eqgf48rGN4KOwKQJvn-XOqCc0-2HvrbFB9-fxuU_roo-Ct_mg6JPnRSmqVsPB5mcHq8kabpU994OXlGIE0MGTyJ-ET99UyV2PbKe6bE6ZhIwuedYvAak-tC1qEH_lWXI6SdAS2nCd8QPauacBfIs8cZIvI5a2KQhagwb04GFxrhYlbn-&uniplatform=NZKPT&language=CHS},
  urldate       = {2024-07-21}
}

@article{hu_chanxueyan_2011,
  abstract      = {开放式创新环境下产学研合作成为提升自主创新能力的重要途径。利用系统动力学方法的作用反馈机制,对产学研合作中各情景因素之间的相互影响与制约关系进行了系统分析,建立了系统动力学模型,并通过Vensim软件进行了演化模拟。仿真结果发现:(1)各投入要素,尤其是企业和政府的产学研合作投入对创新绩效具有显著的正向影响;(2)利益分配比例对产学研合作专利申请量的影响不显著;(3)产业化程度对产学研合作直接经济效益影响显著,但对合作专利申请量的正向影响不显著。},
  author        = {胡, 军燕 and 朱, 桂龙 and 马, 莹莹},
  date          = {2011},
  date-modified = {2024-07-28 19:53:36 +0800},
  file          = {开放式创新下产学研合作影响因素的系统动力学分析_胡军燕.pdf:/Users/morvenliu/Zotero/storage/GKXMKBPG/开放式创新下产学研合作影响因素的系统动力学分析_胡军燕.pdf:application/pdf},
  issn          = {1002-0241},
  journaltitle  = {科学学与科学技术管理},
  keywords      = {产学研合作, 开放式创新, 影响因素, 系统动力学},
  langid        = {pinyin},
  number        = {8},
  pages         = {49--57},
  title         = {开放式创新下产学研合作影响因素的系统动力学分析},
  url           = {https://kns.cnki.net/kcms2/article/abstract?v=FqYZq-Q0wRTSwi-5BQCxczLcpgVXqRTpDOiRcrBvh2bWmUjn1GrqUfS5OhJEZmFjHJVnclRd1JQVCEi5xz_ifMgu4Ph-GBlyZRlDUdlTBweeLXPiD63ffwykVPEkpMkauExQx33FNOQRUPX8IN2ZST3y3he8YFAb4-yByPFkirTRsR1Eckh3aIE75TOBVUff&uniplatform=NZKPT&language=CHS},
  urldate       = {2024-07-21},
  volume        = {32}
}

@article{jun_examining_2013,
  author  = {Jun, S. and Park, S.S.},
  doi     = {10.1108/IMDS-01-2013-0032},
  journal = {Industrial Management and Data Systems},
  number  = {6},
  pages   = {890--907},
  title   = {Examining technological innovation of {Apple} using patent analysis},
  volume  = {113},
  year    = {2013}
}

@article{khan_best-worst-method-based_2022,
  abstract = {Purpose -- The purpose of paper is to develop a performance evaluation framework for manufacturing industry to evaluate overall manufacturing performance. Design/methodology/approach -- The best-worst method (BWM) is used to aid in developing a performance evaluation framework for manufacturing industry to evaluate their overall performance. Findings -- The proposed BWM-based manufacturing performance evaluation framework is implemented in an Indian steel manufacturing company to evaluate their overall manufacturing performance. Operational performance of the organization is very consistent and range between 60\% and 70\% throughout the year. Management performance can be seen high in the 1st and 2nd quarter of the financial year ranging from 70\% to 80\%, whereas a slight decrease in the management performance is observed in the 3rd and 4th quarter ranging from 60\% to 70\%. The social stakeholder performance has a peak in first quarter ranging from 80\% to 100\% as at start of financial year.},
  author   = {Khan, Sharfuddin Ahmed and Kusi-Sarpong, Simonov and Naim, Iram and Ahmadi, Hadi Badri and Oyedijo, Adegboyega},
  doi      = {10.1108/K-03-2021-0202},
  issn     = {0368-492X},
  journal  = {Kybernetes},
  language = {en},
  month    = nov,
  number   = {10},
  pages    = {2938--2963},
  title    = {A best-worst-method-based performance evaluation framework for manufacturing industry},
  url      = {https://www.emerald.com/insight/content/doi/10.1108/K-03-2021-0202/full/html},
  urldate  = {2023-12-12},
  volume   = {51},
  year     = {2022}
}

@article{KYGL200904000,
  author  = {陈钰芬 and 陈劲},
  doi     = {10.19571/j.cnki.1000-2995.2009.04.001},
  issn    = {1000-2995},
  journal = {科研管理},
  pages   = {1-9+28},
  title   = {开放式创新促进创新绩效的机理研究},
  volume  = {30},
  year    = {2009}
}

@article{laursen_open_2006,
  author  = {Laursen, K. and Salter, A.},
  doi     = {10.1002/smj.507},
  journal = {Strategic Management Journal},
  number  = {2},
  pages   = {131--150},
  title   = {Open for innovation: {The} role of openness in explaining innovation performance among {U}.{K}. manufacturing firms},
  volume  = {27},
  year    = {2006}
}

@article{li_dashuju_2016,
  abstract      = {在提出开放式创新十年之际,本文从大数据视角来解析其发展趋势。本文先从动态角度剖析大数据的特征,并归纳提出4C特征,并以此为基础分析其在知识、市场、管理和用户方面给开方式创新带来的挑战,然后从开放式创新的构成、创新空间、商业模式三个视角剖析大数据产生的影响,进而从五个方面归纳出开放式创新的发展趋势,最终得出五点结论:(1)企业在行为动机上开始注重战略获益;(2)在开放对象上逐渐扩散到非相关者;(3)在能力塑造上逐步强调数据性能力;(4)在组织形式上慢慢演变成耦合模式;(5)在适用范围上已经趋于普及。最后从研究方法、过程、层次三方面总结出未来的研究建议,旨在为深入探索"大数据"下的开放式创新提供指导。},
  author        = {李, 涛 and 高, 良谋},
  date          = {2016},
  date-modified = {2024-07-28 19:53:41 +0800},
  doi           = {10.19571/j.cnki.1000-2995.2016.07.001},
  file          = {``大数据''时代下开放式创新发展趋势_李涛.pdf:/Users/morvenliu/Zotero/storage/QLNA27NR/``大数据''时代下开放式创新发展趋势_李涛.pdf:application/pdf},
  issn          = {1000-2995},
  journaltitle  = {科研管理},
  keywords      = {发展趋势, 大数据, 开放式创新},
  langid        = {pinyin},
  number        = {7},
  pages         = {1--7},
  title         = {``大数据''时代下开放式创新发展趋势},
  url           = {https://kns.cnki.net/kcms2/article/abstract?v=FqYZq-Q0wRSZBuSIUibR93yo9E5a31VPb6mK6ZiAwzFiKlEBIuVYbJ88NO3T80M_yX1Nr0tOzqmAYw6tT6mU4-kG27rgz9I_X6_stk2XBX-1IzsiF1LUVBFN59qBWhiXF2y85hYO5d_V3IdoPMgCjMY8gcqIZlNIXf0v2uES3RYb9gPd2xUFS_IkSkCINi4wuHjPIajl6sE=&uniplatform=NZKPT&language=CHS},
  urldate       = {2024-07-21},
  volume        = {37}
}

@article{li_qiche_2018-3,
  abstract     = {本文结合汽车产业特征构建了我国汽车企业开放式创新、吸收能力与创新绩效之间作用关系的理论框架,提出相关假设。选取我国6家国有和6家民营汽车企业作为研究样本,运用Bootstrap软件对假设进行了简单中介检验和多步中介检验。实证研究发现:开放式创新不直接作用于企业的创新绩效,而是以吸收能力为中介影响企业的创新绩效;影响路径为"创新理念→开放程度→潜在和现实吸收能力→创新绩效";并通过吉利汽车案例验证了开放式创新和吸收能力的价值。本研究丰富了开放式创新理论,并对企业创新实践具有重要指导意义。},
  author       = {李, 显君 and 钟, 领 and 王, 京伦 and 王, 巍},
  date         = {2018},
  doi          = {10.19571/j.cnki.1000-2995.2018.01.006},
  file         = {开放式创新与吸收能力对创新...------基于我国汽车企业的实证_李显君.pdf:/Users/morvenliu/Zotero/storage/HAS7UVGH/开放式创新与吸收能力对创新...------基于我国汽车企业的实证_李显君.pdf:application/pdf},
  issn         = {1000-2995},
  journaltitle = {科研管理},
  keywords     = {创新绩效, 吸收能力, 开放式创新, 汽车企业},
  langid       = {pinyin},
  number       = {1},
  pages        = {45--52},
  title        = {开放式创新与吸收能力对创新绩效影响------基于我国汽车企业的实证},
  url          = {https://kns.cnki.net/kcms2/article/abstract?v=FqYZq-Q0wRQyNE7A1LjuzyooTS7M9f5s4Wbe5CXzLzC6tB5cGs8xfgG0ntmCdtNySmrtIiPiHZINcwhlyrSFN5x2X-eTLI0hNMFjAD3aBA_dQBnN2Fzk8HRRbL_0OZFQ9yuYel9PgvZEwkT4ERV8RCM68muEHAaU3DN7Pkx7GsR40CLnnb3OXQ1LqDgVB4c8P5jcR18cn1M=&uniplatform=NZKPT&language=CHS},
  urldate      = {2024-07-21},
  volume       = {39}
}

@article{liang_haier_2018-2,
  abstract     = {开放式创新是当前企业创新行为的主要趋势,然而开放式创新对企业创新绩效的结果及其作用机理仍旧存在争议。本文选取海尔集团作为典型案例,通过探索性案例揭示开放式创新、企业技术能力与创新绩效之间的关系,分析和归纳了开放式创新背景下企业技术创新能力体系变迁及其绩效作用。研究表明,随着互联网情景的不断深化,海尔集团的技术能力体系经历了辅助式开放式创新---互补式开放式创新---迭代式开放式创新的三个不同阶段,实现了从模仿学习能力、自主研发能力到组合迭代能力的演化。同时,组合迭代能力通过知识整合的逻辑直接作用于企业创新绩效提升。本研究贡献于开放式创新的作用机制研究,在理论上打开了开放式创新通过提升自主研发能力来提高创新绩效的作用边界。},
  author       = {梁, 海山 and 魏, 江 and 万, 新明},
  date         = {2018},
  doi          = {10.14120/j.cnki.cn11-5057/f.2018.07.025},
  file         = {企业技术创新能力体系变迁及...制------海尔开放式创新新范式_梁海山.pdf:/Users/morvenliu/Zotero/storage/6AL4A9HU/企业技术创新能力体系变迁及...制------海尔开放式创新新范式_梁海山.pdf:application/pdf},
  issn         = {1003-1952},
  journaltitle = {管理评论},
  keywords     = {创新绩效, 开放式创新, 技术创新能力},
  langid       = {pinyin},
  number       = {7},
  pages        = {281--291},
  title        = {企业技术创新能力体系变迁及其绩效影响机制------海尔开放式创新新范式},
  url          = {https://kns.cnki.net/kcms2/article/abstract?v=FqYZq-Q0wRS_HPJTm8Y-11qfShKjKpIJXsgKgOg4r_g-4gE9rRPI1kkhBcIb9KEYPa6NPd0KDagRi3HwTwkqmz1XAd656CaWOKLB6chz_I7RBI_XoO-m2R1lPg3NqjZ2Wef_Oz1HzIMJRVjnXUhCjByMZkPLDo0f1s9AOrtujOtSUu-Na4yU4UapdCv6SbgWLEltHjRwirg=&uniplatform=NZKPT&language=CHS},
  urldate      = {2024-07-21},
  volume       = {30}
}

@thesis{liang_yizhixing_2014,
  abstract      = {开放式创新是创新管理理论和实践的重要发展方向,为企业有效利用和整合外部创新资源,提高创新绩效提供了一种全新的模式。然而,现有文献对开放式创新的研究发现企业开放度与创新绩效之间存在倒U型曲线关系,搜索成本和技术溢出会导致高水平的开放度不利于企业的创新。因此,企业只能保持适当水平的开放度,开放式创新对企业创新绩效的促进作用受到了限制。本文认为,解决这一问题的关键是选择异质性的合作伙伴。开放度的概念虽然讨论了合作伙伴的``量''对创新绩效的影响,但是忽略了对合作伙伴``质''的讨论。随着开放度的提高,同质性的合作伙伴为企业提供的知识存在重叠,企业为搜索新的合作伙伴支付了成本,但获得的外部知识却可能是企业内部或其他合作伙伴已有的知识；此外,同质性的合作伙伴之间由于技术背景、产业背景和产品之间的相似性,更容易在合作过程中发生技术溢出的可能。因此,在开放式创新中必须更重视对合作伙伴异质性的研究。在此背景下,本研究综合运用资源观理论、组织学习理论和交易成本理论,围绕``合作伙伴异质性对企业创新绩效的影响机制''这一核心问题展开研究。具体而言,本研究由浅至深提出以下研究问题：(1)合作伙伴异质性的内涵和维度是什么?(2)合作伙伴异质性和企业创新绩效之间有什么样的关系?(3)环境动态性下合作伙伴异质性对企业创新绩效的影响有何不同?(4)合作伙伴异质性对企业创新绩效有什么样的影响机制?本文综合运用理论研究、探索性案例分析、层次回归分析和结构方程模型等研究方法,通过定性研究和定量研究相结合,对上述问题展开深入研究,主要得出以下研究结论：(1)合作伙伴异质性是指开放式创新中的合作伙伴在知识、技术、能力等方面的差异化和多样化程度。结合理论演绎和案例解释,本研究将合作伙伴异质性分为组织异质性、产业异质性和国家异质性三个维度,并且基于Blau指数提出了对合作伙伴异质性的科学测量方法,为后续实证研究奠定了基础。(2)合作伙伴异质性对企业创新绩效有积极的影响作用。通过对217家制造业企业的问卷调研和大样本实证研究,本文发现合作伙伴的组织异质性、产业异质性和国家异质性都对企业创新绩效有显著的促进作用。具体而言,尽管异质性的合作伙伴需要企业在开放式创新中付出更多的搜索成本和管理成本,但是合作伙伴带来的异质性的创新资源,以及合作过程对企业学习能力的促进作用,可以显著提高企业的创新绩效。(3)环境动态性是影...},
  author        = {梁, 靓},
  date          = {2014},
  date-modified = {2024-07-28 19:53:46 +0800},
  file          = {开放式创新中合作伙伴异质性对创新绩效的影响机制研究_梁靓.pdf:/Users/morvenliu/Zotero/storage/SPURCABB/开放式创新中合作伙伴异质性对创新绩效的影响机制研究_梁靓.pdf:application/pdf},
  institution   = {浙江大学},
  keywords      = {创新绩效, 合作伙伴异质性, 开放式创新, 环境动态性, 组织学习能力},
  langid        = {pinyin},
  title         = {开放式创新中合作伙伴异质性对创新绩效的影响机制研究},
  type          = {博士},
  url           = {https://kns.cnki.net/kcms2/article/abstract?v=FqYZq-Q0wRQ_XOovHah-LLGVJr5GnG8_W-KXu7WeI5hQN-Y97QAiJLMMFUVRSoie8b1AtWKKIBkPntWUUX3YrGDcIoYhblwKhLQj-HkPIRbeRAMpgqvTWMM7wgn9mW1S1xeo20YX4SsU-aoZBuxZztX3wK1gEbdtw1kiDjyzwctfgQiFaQ1437XSZwOXt_Fm-onq6D1WR_I=&uniplatform=NZKPT&language=CHS},
  urldate       = {2024-07-21}
}

@mastersthesis{lu_chanpinzhiliang_2021,
  author = {逯贵娇},
  title  = {开放式创新对制造企业产品质量竞争力的影响研究},
  school = {西安科技大学},
  year   = {2020}
}


@article{lv_jianjinxing_2017,
  abstract     = {开放式创新范式的盛行究竟如何影响企业创新能力的发展,尤其是如何作用于渐进性创新能力已经成为学术界和产业界关注的热点。本文基于创新网络的嵌入性视角,以智能手机产业为研究对象,通过对该产业2000-2014年间主要企业间的专利引用数据进行专利网络分析和层次回归分析,探讨企业创新开放度对其渐进性创新能力的影响。研究表明:(1)企业渐进性创新能力主要受其在创新网络嵌入水平的直接影响,创新开放度通过调节二者关系间接影响渐进性创新能力;(2)在产业技术发展的萌芽期,创新开放度正向调节企业创新网络嵌入对渐进性创新能力的影响;(3)在产业技术发展的涌现期,创新开放度的调节作用消失;(4)在产业技术发展的稳定期,仅创新开放广度正向调节企业创新网络嵌入对渐进性创新能力的影响。},
  author       = {吕, 一博 and 施, 萧萧 and 冀, 若楠},
  date         = {2017},
  doi          = {10.16192/j.cnki.1003-2053.2017.02.016},
  file         = {开放式创新对企业渐进性创新能力的影响研究_吕一博.pdf:/Users/morvenliu/Zotero/storage/4NVZTQFG/开放式创新对企业渐进性创新能力的影响研究_吕一博.pdf:application/pdf},
  issn         = {1003-2053},
  journaltitle = {科学学研究},
  keywords     = {创新开放度, 开放式创新, 渐进性创新能力, 网络嵌入},
  langid       = {pinyin},
  number       = {2},
  pages        = {289--301},
  title        = {开放式创新对企业渐进性创新能力的影响研究},
  url          = {https://kns.cnki.net/kcms2/article/abstract?v=FqYZq-Q0wRS25MssbQSRBqKkTsiLfOJKlAeeLz6Z6qS5ZV7oMuHTJjsWqdPdR6XaURX8nE5vUsqAd-KWBKAHFVCsF-OWdqoodczqyyANnKjuxjgmllPwAdY1fCbjWAYfqlBxnOHh2i0SeWWrVGwBRFszPQRygJLTUCcP3XQ2UFxMViDs4SRjewxskHQFMTzQDJuWmv32rIU=&uniplatform=NZKPT&language=CHS},
  urldate      = {2024-07-21},
  volume       = {35}
}

@thesis{mao_xinchanpin_2009,
  abstract      = {成功的创新和新产品开发对每个企业的成长都具有十分重要的战略意义,它决定企业的未来,是企业生存与持续发展的重要支柱。企业通过新产品的开发,把新的产品创意,通过研究、发展、试制、生产直到最后真正商业化,使企业的产品结构得到更新,使消费者不断变化的需求得到满足,为企业增加收入,赢得竞争优势。但是随着科学技术日新月异,市场竞争日趋激励,新产品开发的综合性和复杂性日益提高。很多企业面对越来越复杂的生存环境和多变的市场需求,不得不改变着他们创新的策略。亨利切萨布鲁夫(Henry Chesbrough)在2003年率先提出了开放式创新的理论,从封闭走向开放,不再仅仅约束在企业内部,而是利用和整合企业内外部的技术和资源进行技术创新和新产品开发的新模式正越来越受到人们的关注。本文在以往理论研究的基础上,对开放式创新进行归纳和分析。结合国内外对开放式研究的理论和我的工作实践,对开放式创新的特点、产生的原因进行了全面分析、对开放式创新可利用的内外部资源做了较新的总结,并对开放式创新在新产品开发中的实施步骤、风险、误区及在中国的应用进行了初步探讨。},
  author        = {毛, 捷},
  date          = {2009},
  date-modified = {2024-07-28 19:53:50 +0800},
  file          = {毛 - 2009 - 开放式创新在新产品开发中的应用.pdf:/Users/morvenliu/Zotero/storage/UJ8E7DPN/毛 - 2009 - 开放式创新在新产品开发中的应用.pdf:application/pdf},
  institution   = {复旦大学},
  keywords      = {封闭式创新, 开放式创新, 新产品开发},
  langid        = {pinyin},
  title         = {开放式创新在新产品开发中的应用},
  type          = {硕士},
  url           = {https://kns.cnki.net/kcms2/article/abstract?v=FqYZq-Q0wRQaraKbRXmCYEvgr2NSozm8UbaditD0hVWI7NyTrMmCcirF2bh-i6bZIR4H638ABVsiD5ihgW2-7INYze2MRsE2fkzZ4PZsX5aGGvwYpOY35NP6fyYh8dRC3PX1DYEDTPxAE-fkmyHFsXSfcAoPcfqZvNdwnkT27Ohr0daq5ozq2EBhcPteA3tl63o9FiJVOys=&uniplatform=NZKPT&language=CHS},
  urldate       = {2024-07-21}
}

@article{marcolin_how_2017,
  author  = {Marcolin, F. and Vezzetti, E. and Montagna, F.},
  doi     = {10.1080/17510694.2017.1393178},
  journal = {Creative Industries Journal},
  number  = {3},
  pages   = {258--291},
  title   = {How to practise {Open} {Innovation} today: what, where, how and why},
  volume  = {10},
  year    = {2017}
}

@article{martins_building_2003,
  author  = {Martins, E.C. and Terblanche, F.},
  doi     = {10.1108/14601060310456337},
  journal = {European Journal of Innovation Management},
  number  = {1},
  pages   = {64--74},
  title   = {Building organisational culture that stimulates creativity and innovation},
  volume  = {6},
  year    = {2003}
}

@article{martins_differences_2019,
  author  = {Martins, M.B. and Kaminski, P.C.},
  doi     = {10.1080/23311916.2019.1684806},
  journal = {Cogent Engineering},
  number  = {1},
  title   = {Differences in open innovation practices between headquarters and subsidiaries in the automotive industry: {The} {French} case},
  volume  = {6},
  year    = {2019}
}

@article{mcleod_feasibility_2021,
  abstract   = {Organisations initiating a feasibility study for a novel, complex, or unfamiliar project commence with an inherently limited starting knowledge base, and often face an asymmetric information disadvantage to suppliers and competitors. While there is substantial technical literature for informing feasibility studies for specific types of projects, this guidance is primarily suited to ventures exhibiting a high degree of replication, with limited relevance to highly novel projects. By pairing this multi-disciplinary feasibility literature with contemporary concepts in uncertainty and project management theory, this article synthesizes seven general principles to inform feasibility studies for such novel projects. Together, these principles form a framework that project leaders can apply to design effective feasibility studies for projects across sectors and industries. This integrative review further illustrates key challenges in the translation of project management theory to the applied evalu- ation of unfamiliar projects, with implications for both research and practice.},
  author     = {McLeod, Sam},
  doi        = {10.1016/j.plas.2021.100022},
  issn       = {26667215},
  journal    = {Project Leadership and Society},
  language   = {en},
  month      = dec,
  pages      = {100022},
  shorttitle = {Feasibility studies for novel and complex projects},
  title      = {Feasibility studies for novel and complex projects: {Principles} synthesised through an integrative review},
  url        = {https://linkinghub.elsevier.com/retrieve/pii/S2666721521000168},
  urldate    = {2023-12-12},
  volume     = {2},
  year       = {2021}
}

@article{oakey_open_2013,
  author  = {Oakey, R.P.},
  doi     = {10.1177/0266242612458942},
  journal = {International Small Business Journal},
  number  = {3},
  pages   = {319--336},
  title   = {Open innovation and its relevance to industrial research and development: {The} case of high-technology small firms},
  volume  = {31},
  year    = {2013}
}

@article{pahng_distribution_1998,
  author   = {Pahng, Francis and Senin, Nicola and Wallace, David},
  doi      = {10.1016/S0010-4485(98)00005-0},
  issn     = {00104485},
  journal  = {Computer-Aided Design},
  language = {en},
  month    = may,
  number   = {6},
  pages    = {411--423},
  title    = {Distribution modeling and evaluation of product design problems},
  urldate  = {2023-12-12},
  volume   = {30},
  year     = {1998}
}

@article{pang_beilun_2022,
  abstract     = {在数字经济加快发展和创新驱动发展战略实施的背景下，数字化与企业创新之间是否存在悖论，数字化是否必然促进企业创新?文章基于开放式创新理论，通过构建数字化影响企业创新的理论模型，阐述了数字化通过学习效应和竞争效应对企业创新的影响。在此基础上，利用2008---2019{年A股制造业上市公司数据}，考察了数字化对企业创新的影响及其异质性影响机制。结果表明：数字化与企业创新之间呈现倒U型关系，即当数字化低于拐点时，数字化有利于促进企业创新，而当数字化高于拐点时，数字化会抑制企业创新；异质性影响机制上，数字化对企业创新的倒U型影响效应在高新技术行业和知识产权保护程度较高行业以及吸收能力强企业、小企业和非国有企业中更明显；进一步分析发现，相较于数字化追赶型企业和后进型企业，数字化对企业创新的倒U型影响效应只存在于领先型企业中。数字化硬件投资与企业创新存在倒U型关系，但数字化软件投资却有助于促进企业创新。文章拓展了数字化与企业创新的相关研究，可以为当前企业更好借力数字化提升创新能力提供参考，具有一定的理论价值和实践意义。},
  author       = {庞, 瑞芝 and 刘, 东阁},
  date         = {2022},
  doi          = {10.19592/j.cnki.scje.391844},
  file         = {数字化与创新之悖论：数字化...---基于开放式创新理论的解释_庞瑞芝.pdf:/Users/morvenliu/Zotero/storage/AXBC8VK4/数字化与创新之悖论：数字化...---基于开放式创新理论的解释_庞瑞芝.pdf:application/pdf},
  issn         = {1000-6249},
  journaltitle = {南方经济},
  keywords     = {企业创新, 倒U型, 开放式创新, 悖论, 数字化},
  langid       = {pinyin},
  number       = {9},
  pages        = {97--117},
  title        = {数字化与创新之悖论：数字化是否促进了企业创新------基于开放式创新理论的解释},
  urldate      = {2024-07-21}
}

@article{parida_realization_2014,
  author  = {Parida, V. and Oghazi, P. and Ericson, {\AA}.},
  doi     = {10.1080/10496491.2014.908801},
  journal = {Journal of Promotion Management},
  number  = {3},
  pages   = {372--389},
  title   = {Realization of {Open} {Innovation}: {A} {Case} {Study} in the {Manufacturing} {Industry}},
  volume  = {20},
  year    = {2014}
}

@article{peng_zhishizhuanyi_2011,
  abstract      = {开放式创新模式强调企业应充分整合内外部的创新资源,全方位地吸纳创新要素,以构建创新的生态体系,并实现创新绩效的提升。以开放式创新模式下资源共享对创新绩效的影响为研究对象,将资源共享分为资源共享频率、资源输出和资源输入三个维度,引入知识转移作为中介变量,实证研究资源共享对创新绩效的作用机理以及知识转移的中介效应。研究发现,资源共享频率、资源输出和资源出入均对知识转移和创新绩效产生影响,而知识转移仅在资源输入对创新绩效的影响中具有显著的中介效应。},
  author        = {彭, 正龙 and 王, 海花 and 蒋, 旭灿},
  date          = {2011},
  date-modified = {2024-07-28 19:53:59 +0800},
  file          = {开放式创新模式下资源共享对...的影响_知识转移的中介效应_彭正龙.pdf:/Users/morvenliu/Zotero/storage/XUXKS8E2/开放式创新模式下资源共享对...的影响_知识转移的中介效应_彭正龙.pdf:application/pdf},
  issn          = {1002-0241},
  journaltitle  = {科学学与科学技术管理},
  keywords      = {创新绩效, 开放式创新, 知识转移, 资源共享},
  langid        = {pinyin},
  number        = {1},
  pages         = {48--53},
  shorttitle    = {开放式创新模式下资源共享对创新绩效的影响},
  title         = {开放式创新模式下资源共享对创新绩效的影响:知识转移的中介效应},
  url           = {https://kns.cnki.net/kcms2/article/abstract?v=FqYZq-Q0wRR0Z84xDasIYQgPvjLTO9nfUfjTbAxiImcYnEu-E32DZtc1NgM-0uCN9_UkYcS8tSpmajA43JvMjffV0BnYTZbfyGyT5cqpKc8ty6AvVeTvD8cFnGZ--IuWjDrYEg7bh1auH-31IuZv6dsglxtP9SSP2BPcnyHW0b9NcoPfK74_adFjhbTqee-B&uniplatform=NZKPT&language=CHS},
  urldate       = {2024-07-21},
  volume        = {32}
}

@article{portocarrero_garcia_innovation_2023,
  author       = {Portocarrero Garc{\'\i}a, M.S. and Timan{\'a}, J.S.},
  date         = {2023},
  journaltitle = {Universidad y Sociedad},
  number       = {3},
  pages        = {59--67},
  shorttitle   = {{INNOVACI{\'O}N} {ABIERTA}: {UNA} {REVISI{\'O}N} {SISTEM{\'A}TICA} {DE} {LA} {LITERATURA}.},
  title        = {{INNOVATION}: A {SYSTEMATIC} {REVIEW} {OF} {THE} {LITERATURE}.{OPEN}},
  url          = {https://www.scopus.com/inward/record.uri?eid=2-s2.0-85161652700&partnerID=40&md5=b7e52055b8b7dcb60a7b6c8d49db07af},
  volume       = {15}
}

@article{sanchez-marquez_building_2021,
  abstract = {This paper covers a hitherto unresolved problem, the search for a practical method for the ̂ Cpk control chart. The simplicity of the proposed method facilitates its immediate application. This control chart method reduces the complexity of the current paradigm for capability and quality control studies, while increasing sensitivity to outof-control signals and improving the early detection aspect, as the ARL results show. The concept of distance implicit in Cpk definition is used to derive a new method based on chi-square distribution. The goodness of fit of the derived expression, which approximates the distribution of the ̂ Cpk statistic of the proposed method to the reference distribution of the simulated values and to the exact probability density function, was confirmed graphically, through the comparison of the histograms and the probability density functions, and analytically, using the F-test.},
  author   = {Sanchez-Marquez, R. and Jabaloyes Vivas, J.},
  doi      = {10.1016/j.cie.2021.107428},
  issn     = {03608352},
  journal  = {Computers \& Industrial Engineering},
  language = {en},
  month    = aug,
  pages    = {107428},
  title    = {Building a {C} control chart -- {A} novel and practical method for practitioners},
  url      = {https://linkinghub.elsevier.com/retrieve/pii/S0360835221003326},
  urldate  = {2023-12-12},
  volume   = {158},
  year     = {2021}
}

@article{sossa_innovation_2019,
  author  = {Sossa, J.W.Z. and Rebolledo, J.L.S. and Hincapi{\'e}, J.M.M. and Zarta, R.H.},
  journal = {International Journal of Innovation, Creativity and Change},
  number  = {6},
  pages   = {175--194},
  title   = {Innovation management models-{A} literature review},
  volume  = {10},
  year    = {2019}
}

@article{ssegawa_feasibility_2021,
  abstract   = {Abstract The objective of this article is to discuss the Feasibility Analysis Framework (FAF) as an effective approach to conducting a fTehaesiboibljietyctsivtuedyoffothripsroardtuiccliengisatroobduissctupsrsojtehcet Fpreoapsiobsialilt.yTAhenaalpypsriosaFchraims ebwasoerdk o(nFAkeFy) iansfoarnmeaftfioecntipvreovaipdperdoiancha ptorocjoecntdbuucstiinngesas cfeaasseibdielivteylostpueddyufosirnpgrothdeucPinrogjeacrtoDbuosmt apirnojFercatmpreowpoorskal(.PTDhFe)a.ppTrhoeacPhDisFbiasseads aonn kaletyerinnaftoivrme amtioodneplrionvipdreodjeicnt amparnoajegcetmbeunstinthesast scyassetemdeavtieclaolplyedaunsdinglogthiceaPllryojfeacctilDitoatmesainthFerawmrietwinogrkof(PaDFb)u.sinTehses PcDasFe isatasthaen parlotejrencattiivneitimatoiodnel pinhapsreo.jeTcot mcoanmapgleemmeenntt ththaet dsyesvteelmopamticeanltlyofaandprolopgoiscaallltyhefaFcAilFitahteass btheeenwdreivtienlgopoedf tao bsyusstienmesasticcaalsley aant dthoebjpecrotijveeclty ipnriotidauticoenapnheafsfee.ctiTvoe fceoamsipblielimtyensttudthye. TdehveeFloApFmeisnta osfixaspteroppforasamletwheorFkA, Fdehvaeslobpeeednudseinvgelaocpteiodntoressyesatrecmhasttircaatlelgyyatnhdatoibnjvecotlivveedlyovperord2u0ceclaiennet fafsescitgivnemfeenatssibfoilritay pseturidoyd. oTfhefivFeAyFeaisrsa. sTixhestaerpticfrlaemdeiswcuosrkse, sdietvsecloonpceedputssianngdaacptipolnicraetsioenaruchsinstgraatesgimy pthleatbiuntvporlavcetdicoavl erera2l0cacslieensttuadsys.igUnsminegnttshefocraasepsetruioddy iotfdfeivmeoynesatrrast.esThhoewartpircolejedcitsaclutessrnesatiitvsecsoanncdepotpstaionndsamppalyicbaetiognenuesriantgeda, soibmjepcletivbeultyparnacatliyczaeldreuaslincgaswe estiugdhyte.dUtshiengTEthLeOcSasecrsitteurdiya tiot dceomnofinrsmtratthees hvoiawbiplirtoyjeocft athlteerpnraotijvecets abnyddoeptetiromnisnminagywbheegtheenreriattewd,ilol bojvecetricvoemlyealneaglaylz,etdecuhsninicgawl, eeigcohnteodmtihce aTnEdLoOpSercartiitoenraial rtoeqcuoirnefmiremntsthien avidaebsiliirteyd otifmtehleimpirto.jTechte bpyrocdeestesrcmuilnminingatweshienthtehre iatccweipllt oorvreerjceocmt reecloemgaml,etnedcahtnioicna.l, economic and operational requirements in a desired time limit. The process culminates in the accept or reject recommendation.},
  author     = {Ssegawa, J K and Muzinda, M.},
  doi        = {10.1016/j.procs.2021.01.180},
  issn       = {18770509},
  journal    = {Procedia Computer Science},
  language   = {en},
  pages      = {377--385},
  shorttitle = {Feasibility {Assessment} {Framework} ({FAF})},
  title      = {Feasibility {Assessment} {Framework} ({FAF}): {A} {Systematic} and {Objective} {Approach} for {Assessing} the {Viability} of a {Project}},
  urldate    = {2023-12-12},
  volume     = {181},
  year       = {2021}
}

@book{stefan_lindegaard__2022,
  abstract     = {本书第一部分分析开放式创新的现状,重要性以及如何推进,怎样培养开放式创新的人才,建立正确的创新过程的重要性.第二部分是剖析开放式创新的障碍,高管以及异见者如何阻碍创新.作者重点关注人事问题,以及如何积极主动地避开这些障碍.第三部分是阐释成为创新领导者或内部创业者所需的领导能力.领导者需要具备多种特质,包括乐观,激情,动力,好奇心,对变革的信心,应对不确定性的能力,以及良好的沟通和社交技巧},
  address      = {Guang zhou},
  author       = {{(美)斯蒂芬·林德加德(Stefan Lindegaard)著;赵萌,蔡敏译.} and {林德加德 (Lindegaard, Stefan)}},
  collaborator = {{赵萌} and {蔡敏}},
  edition      = {Di 1 ban},
  isbn         = {978-7-5454-8257-7},
  language     = {chi},
  note         = {OCLC: 1375140278},
  publisher    = {广东经济出版社},
  shorttitle   = {开放式创新实践},
  title        = {开放式创新实践: essentials, roadblocks, and leadership skills = {The} open innovation revolution},
  year         = {2022}
}

@article{sun_neiwiajianxiu_2024,
  abstract     = {基于组织学习理论与资源基础理论，以互补性知识资源作为中介变量，基于开放式创新视角构建``内外兼修''的质量管理能力与企业创新绩效关系模型。结果表明，外部质量管理能力与内部质量管理能力均有利于企业创新绩效提升；互补性知识资源在质量管理能力与创新绩效间发挥部分中介效应；内向开放式创新负向调节外部质量管理能力与互补性知识资源的关系，且存在有调节的中介作用，而外向开放式创新的调节作用不显著。结论可为不同类型质量管理能力对创新绩效的影响提供理论依据，并为开放式创新情境下本土企业战略选择与质量管理实践提供支持。},
  author       = {孙, 卫 and 赵, 冰馨 and 任, 恋},
  date         = {2024},
  file         = {``内外兼修''的质量管理能力...绩效------来自开放式创新视角_孙卫.pdf:/Users/morvenliu/Zotero/storage/9Y7RC9LL/``内外兼修''的质量管理能力...绩效------来自开放式创新视角_孙卫.pdf:application/pdf},
  issn         = {1001-7348},
  journaltitle = {科技进步与对策},
  keywords     = {互补性知识资源, 创新绩效, 开放式创新, 质量管理能力},
  langid       = {pinyin},
  number       = {4},
  pages        = {43--53},
  title        = {``内外兼修''的质量管理能力如何影响企业创新绩效------来自开放式创新视角},
  url          = {https://kns.cnki.net/kcms2/article/abstract?v=FqYZq-Q0wRTmn7X5oMer7h1PL0NZH9ynJSABTtdgiXSIcSzOZ7O9ORuoeMMs39IsclWGKclG9ku6TWiGEFSPSZhtYWeL8lF3MTEIYGJqsoUMZc8sx_-GsFO6h1MsmCINXqPXMUZdRYTJAirxZ9fa4d2VyCRFxPOyT2ZauonKeXw3sdYGJ7MGK0l4hP_A5loUx2jD3p1Fi_k=&uniplatform=NZKPT&language=CHS},
  urldate      = {2024-07-21},
  volume       = {41}
}

@article{tang_quanqiuhua_2007,
  abstract      = {本文从经济全球化背景下开放式创新范式的基本特征出发,辨析了企业进行知识产权保护的影响因素,综合考察了开放式创新所处的环境、知识资源利用、关系情境和知识特性对知识产权保护的作用,进而提出了我国企业在开放式创新环境下知识产权的保护机制和管理策略,即探索企业进行知识产权管理的商业模式,开发评估知识产权价值的工具和手段,培育知识产权交易市场。},
  author        = {唐, 方成 and 仝, 允桓},
  date          = {2007},
  date-modified = {2024-07-28 19:54:04 +0800},
  file          = {经济全球化背景下的开放式创新与企业的知识产权保护_唐方成.pdf:/Users/morvenliu/Zotero/storage/ZYM86DUK/经济全球化背景下的开放式创新与企业的知识产权保护_唐方成.pdf:application/pdf},
  issn          = {1002-9753},
  journaltitle  = {中国软科学},
  keywords      = {开放式创新, 知识产权, 知识产权保护},
  langid        = {pinyin},
  number        = {6},
  pages         = {58--62},
  title         = {经济全球化背景下的开放式创新与企业的知识产权保护},
  url           = {https://kns.cnki.net/kcms2/article/abstract?v=FqYZq-Q0wRSLitjvcEoUIM9ly8cEAN1T_SsHEPmHRhq6mimpE5-oBYGi9EZxMEqQ7WYFpovkIRmFE4bN-wepY5sQeK1oX1ZlfLHMn2qwLEaKTocEVAFq4AkhfWPgZi9DyRGsC7-Ul8q-1t4oozDRFobqTePo9lT511bmKkGTpQT_BY2rxjz3iWwYn_BuMtzv&uniplatform=NZKPT&language=CHS},
  urldate       = {2024-07-21}
}

@article{tong_zhenghe_2021,
  abstract      = {本文以创新扩散理论、知识基础理论和组织学习理论为基础,构建了数字经济环境下知识共享、开放式创新、知识整合能力与创新绩效关系的理论模型,采用问卷调查的形式搜集数据,利用结构方程对知识共享、开放式创新、知识整合能力和创新绩效之间的关系和开放式创新、知识整合能力的中介效应进行了实证分析。结果表明:知识共享对开放式创新、知识整合能力和创新绩效都具有显著的正向影响;由内向外型开放式创新和由外向内型开放式创新对知识系统化能力和互动协调能力都具有显著的正向影响,但对社会化能力的影响却不显著;开放式创新不仅对创新绩效具有显著的正向影响,而且还对知识共享与创新绩效之间的关系起到了中介效应;知识整合能力除了对创新绩效产生直接的影响之外,还对知识共享与创新绩效的关系、开放式创新与创新绩效的关系都起到了中介效应。},
  author        = {童, 红霞},
  date          = {2021},
  date-modified = {2024-07-28 19:54:11 +0800},
  doi           = {10.19654/j.cnki.cjwtyj.2021.10.006},
  file          = {数字经济环境下知识共享、开...------知识整合能力的中介效应_童红霞.pdf:/Users/morvenliu/Zotero/storage/QBPEMALK/数字经济环境下知识共享、开...------知识整合能力的中介效应_童红霞.pdf:application/pdf},
  issn          = {1000-176X},
  journaltitle  = {财经问题研究},
  keywords      = {创新绩效, 开放式创新, 数字经济, 知识共享, 知识整合能力},
  langid        = {pinyin},
  number        = {10},
  pages         = {49--61},
  title         = {数字经济环境下知识共享、开放式创新与创新绩效------知识整合能力的中介效应},
  url           = {https://kns.cnki.net/kcms2/article/abstract?v=FqYZq-Q0wRQ5B5yE1GQ_U1v4hVzJO_uJL8XD-C8H5IyoHVBGe96Ka_2wRXhuFqop5pNhbJbr2azHEdB29bvmqi5nFLldgSS5YK3-dT4IN1qKawb_9vuoxoFQ5Qi8ew6Md2yKlOsk-lDyb_JPOHfCBXfhGGtniaBoidR_oiNWImFIbO8f4wdO6lEf8Hy-i6Tto_n-eBFIVlY=&uniplatform=NZKPT&language=CHS},
  urldate       = {2024-07-21}
}

@article{van_de_vrande_open_2009,
  author  = {van de Vrande, V. and de Jong, J.P.J. and Vanhaverbeke, W. and de Rochemont, M.},
  doi     = {10.1016/j.technovation.2008.10.001},
  journal = {Technovation},
  number  = {6-7},
  pages   = {423--437},
  title   = {Open innovation in {SMEs}: {Trends}, motives and management challenges},
  url     = {https://www.scopus.com/inward/record.uri?eid=2-s2.0-67349278292&doi=10.1016%2fj.technovation.2008.10.001&partnerID=40&md5=9095bb2ef3f44949cf7170992949704f},
  volume  = {29},
  year    = {2009}
}

@article{wang_jixiao_2018,
  abstract     = {本文将宏观互联网环境及微观企业创新纳入考量,验证了互联网对企业创新绩效的影响及其机理。理论上看,互联网带来了企业创新资源的组合方式及连接方式的变化,降低了企业创新过程中的交易与契约成本、代理与治理成本及创新认知差异,从而提高了企业创新绩效。这也导致企业创新资源发生跨界重组聚合,形成扁平化的治理方式及"开放、共享和平等"的互联网思维,从而形成了一个全面的企业开放式创新框架,改变了企业创新方式。实证结果显示,互联网对企业创新绩效存在正向影响。就创新方式来看,互联网放大了技术人员与研发资金投入对企业创新绩效的积极影响,减弱了传统的公司治理对创新绩效的影响,遗憾的是,互联网不能显著地影响企业文化与创新绩效关系。上述结论在考虑稳健性、内生性后依然成立。进一步,本文还发现在资金密集型行业、技术密集型行业,互联网对企业创新更具有显著的积极影响。因此,在"互联网+"的时代背景下,企业应广泛应用云计算、大数据、电商平台等互联网工具,利用互联网实施全面的开放式创新战略,同时也应构建与之匹配的扁平化治理制度与开放式的企业文化。},
  author       = {王, 金杰 and 郭, 树龙 and 张, 龙鹏},
  date         = {2018},
  doi          = {10.14116/j.nkes.2018.06.010},
  file         = {互联网对企业创新绩效的影响...究------基于开放式创新的解释_王金杰.pdf:/Users/morvenliu/Zotero/storage/ZR5RCRUN/互联网对企业创新绩效的影响...究------基于开放式创新的解释_王金杰.pdf:application/pdf},
  issn         = {1001-4691},
  journaltitle = {南开经济研究},
  keywords     = {互联网, 创新绩效, 开放式创新},
  langid       = {pinyin},
  number       = {6},
  pages        = {170--190},
  title        = {互联网对企业创新绩效的影响及其机制研究------基于开放式创新的解释},
  url          = {https://kns.cnki.net/kcms2/article/abstract?v=FqYZq-Q0wRT0kDGfSDXtXqeo_j0pYXDVoDp8XdFK6bFvWHykq0293OccZjUcCHF1kPbxB4bUjN-QD9wBhChvLB9SwMjuBI36QONvi3uPjH7eeXGZ58quuxIFMK53mTMliBy_8QY_AkGh92FhmHNLwvhNJpH4EHRh1glJvmF47stoglOvuabeDYwVbzrA6q3rLcvKKBiP6fc=&uniplatform=NZKPT&language=CHS},
  urldate      = {2024-07-21}
}

@article{wang_kuangjia_2011,
  abstract     = {技术与市场的发展推动着创新资源的全球性分散与流动,开放式创新被越来越多的企业运用以实现更大的价值创新,由此也得到了大量学者的关注与研究。学者们通过赋予开放式创新不同的内涵来满足自身研究的需求,却出现了概念具体化的问题,因此有必要建立一个整合性的理论框架来界定开放式创新的内涵与维度。本文基于对{ISI数据库中}160多篇相关论文的整理与分析,以开放式创新的本质------价值创新为起点与核心,延伸到实现开放式创新的价值识别、价值创造与价值获取三个维度,建立起一个关于开放式创新的认知性框架。这个认知性框架使我们对开放式创新有一个系统的认识,为进一步的实证研究与理论创新奠定了基础,并促进了关于开放式商业模式以及开放式创新下组织变革的深入研究。},
  author       = {王, 雎 and 曾, 涛},
  date         = {2011},
  file         = {开放式创新_基于价值创新的认知性框架_王雎.pdf:/Users/morvenliu/Zotero/storage/HCGR4AKY/开放式创新_基于价值创新的认知性框架_王雎.pdf:application/pdf},
  issn         = {1008-3448},
  journaltitle = {南开管理评论},
  keywords     = {价值创造, 价值获取, 价值识别, 开放式创新},
  langid       = {pinyin},
  number       = {2},
  pages        = {114--125},
  shorttitle   = {开放式创新},
  title        = {开放式创新:基于价值创新的认知性框架},
  url          = {https://kns.cnki.net/kcms2/article/abstract?v=FqYZq-Q0wRSpRqm7untOluQTLp0V9UAws8cIfRQiytIX8sd3HN646UwfzW8Pp-ItO8SxDwGmlkTOC-aUlDs4mlmgr0jLsNwFVhUsthixIisDjReJOU7zT21q-3g1wRzk8aVhs9tQjHud7quu1MnV0sCaL3PqLqpEk-r0pXEYD9qCX7-nZZHbxYeTyBP_yk6G&uniplatform=NZKPT&language=CHS},
  urldate      = {2024-07-21},
  volume       = {14}
}

@article{wang_renzhi_2009,
  abstract      = {开放式创新作为21世纪的创新趋势,所带来的挑战已经不是知识管理层面的问题,而是组织知识治理层面的问题,即迫切需要有效的治理机制来应对由知识差异性、知识复杂性以及创新者利益冲突所产生的知识基础性风险,从而为这种分布式、大规模的创新活动提供制度性保障。本文基于内涵更加丰富的认知视角,将知识治理的两种主要思路------情景组合观与流程设计观有机融合,以开放式创新中的知识流转作为分析单元,以创新过程各个环节中的知识基础性风险为分析的微观基础与治理对象,运用跨案例研究,旨在超越交易成本理论的传统思路建立一个开放式创新下知识治理的理论框架,从而为更加深入的实证研究奠定基础,也为企业的开放式创新实践提供有益的借鉴与参考。},
  author        = {王, 雎},
  date          = {2009},
  date-modified = {2024-07-28 19:54:15 +0800},
  file          = {开放式创新下的知识治理------基于认知视角的跨案例研究_王雎.pdf:/Users/morvenliu/Zotero/storage/9YXADQUB/开放式创新下的知识治理------基于认知视角的跨案例研究_王雎.pdf:application/pdf},
  issn          = {1008-3448},
  journaltitle  = {南开管理评论},
  keywords      = {开放式创新, 知识基础性风险, 知识治理, 认知性失灵},
  langid        = {pinyin},
  number        = {3},
  pages         = {45--53},
  title         = {开放式创新下的知识治理------基于认知视角的跨案例研究},
  url           = {https://kns.cnki.net/kcms2/article/abstract?v=FqYZq-Q0wRR0Vc_b-S1R0j-uREP_KTpJr8ICjMjTPYyS5iSuAdt3Iwz_1I8P1dEVaw3w-B_NNevLqrRj3Na8GqgNNZo6yrSR0Ifg66OH8sc25f0bnqz_-ibxbtJfD_i_AMQkWg1E86a5Fqw_SJUDSGDkkxu8Iz_5GBVXP1Gh-juEF1GWM8mDfZxrvbVVYkbl&uniplatform=NZKPT&language=CHS},
  urldate       = {2024-07-21},
  volume        = {12}
}

@article{wang_tantao_2010,
  abstract     = {对于创新企业而言,是否拥有知识产权并非目的,其真正目的在于通过知识产权创造激励机制,高效利用知识而创造与获取价值。在开放式创新中,作为占有制度的重要内容,知识产权随着企业占有行为的转变而发生了演化。本文在对开放式创新下企业的占有行为转变进行分析的基础上,提出了关系性知识产权,并结合开放式创新的典型案例对其具体运用进行阐述,旨在回答企业如何灵活运用知识产权从开放式创新获利这一重要问题。这对于企业的开放式创新实践,具有重要的借鉴意义与参考价值。},
  author       = {王, 雎},
  date         = {2010},
  doi          = {10.19571/j.cnki.1000-2995.2010.01.019},
  file         = {开放式创新下的占有制度_基于知识产权的探讨_王雎.pdf:/Users/morvenliu/Zotero/storage/ABA9WLUG/开放式创新下的占有制度_基于知识产权的探讨_王雎.pdf:application/pdf},
  issn         = {1000-2995},
  journaltitle = {科研管理},
  keywords     = {占有制度, 开放式创新, 知识产权, 组织间关系},
  langid       = {pinyin},
  number       = {1},
  pages        = {153--159},
  shorttitle   = {开放式创新下的占有制度},
  title        = {开放式创新下的占有制度:基于知识产权的探讨},
  url          = {https://kns.cnki.net/kcms2/article/abstract?v=FqYZq-Q0wRRxcA4iwci0tHLFG7hFFJxVWrDxMXH_lUJXOK8Ybbm_ddpIHfIVvNgB9k8Hzrwt8nKJcZRiU7yfcds3zh1yLVlRB106RmOY_LOED2qLaOuxy1pB9eLTwg9H0Rwt2qKlFJAgx5nOlpMT-kkHe0fhKrbbbeh5y-CaYeMh1ychs5krZ9ppPGHePHqQ&uniplatform=NZKPT&language=CHS},
  urldate      = {2024-07-21},
  volume       = {31}
}

@article{wang_ziyuangongxiang_2012,
  abstract      = {运用扎根理论的质化研究方法,识别出开放式创新模式下创新资源共享的影响因素,形成由90个一级主题词、36个副范畴、4个主范畴(环境变量、资源共享渠道、创新资源需求和资源池)与1个核心范畴(开放式创新模式下的创新资源共享)构成的脉络体系,明晰各主范畴的作用机理,并以宝洁公司实践开放式创新的案例加以佐证。研究表明:开放式创新模式下资源共享是以环境变量为因果条件、资源共享渠道的构建为中介条件和桥梁、创新资源需求和资源池为行动/互动策略的脉络。最后,指出研究的应用价值与未来研究方向。},
  author        = {王, 海花 and 彭, 正龙 and 蒋, 旭灿},
  date          = {2012},
  date-modified = {2024-07-28 19:54:19 +0800},
  doi           = {10.19571/j.cnki.1000-2995.2012.03.007},
  file          = {开放式创新模式下创新资源共享的影响因素_王海花.pdf:/Users/morvenliu/Zotero/storage/ABZBSSD8/开放式创新模式下创新资源共享的影响因素_王海花.pdf:application/pdf},
  issn          = {1000-2995},
  journaltitle  = {科研管理},
  keywords      = {创新资源, 开放式创新, 扎根理论, 资源共享},
  langid        = {pinyin},
  number        = {3},
  pages         = {49--55},
  title         = {开放式创新模式下创新资源共享的影响因素},
  url           = {https://kns.cnki.net/kcms2/article/abstract?v=FqYZq-Q0wRTSwi-5BQCxczLcpgVXqRTpDOiRcrBvh2bPrEUiAXvNLfJUOd6iHc1oFee_9KGaVONfEG-As2Fez_504iZOE_VDxO4Pm-SBBXQ9vMSZ2PK1E9hJIOZrqJgi3hVqpWrWYm2IpyBsQLnD7PMdZwQty31l7iYrAckmyt4rJyU4d-FGYPErMPxF4EIx&uniplatform=NZKPT&language=CHS},
  urldate       = {2024-07-21},
  volume        = {33}
}

@article{wei_duozhuti_2011-6,
  abstract     = {针对我国企业由于创新封闭,造成研发经费投入重复浪费等问题,探讨一种更能充分有效地利用企业内外部资源进行创新的多主体参与的开放式创新模式。运用博弈论方法,构建一个基于企业、供应商、顾客三方参与的开放式创新模型,分析在不同开放程度下,各参与主体的福利变化情况。研究表明,随着创新模式的开放,将更多参与者吸引到企业创新中,是有利于提高各方及整体福利的。},
  author       = {韦, 铁 and 鲁, 若愚},
  date         = {2011},
  doi          = {10.13587/j.cnki.jieem.2011.03.022},
  file         = {多主体参与的开放式创新模式研究_韦铁.pdf:/Users/morvenliu/Zotero/storage/CZ2Q3K4Q/多主体参与的开放式创新模式研究_韦铁.pdf:application/pdf},
  issn         = {1004-6062},
  journaltitle = {管理工程学报},
  keywords     = {创新模式, 多主体参与, 开放式创新},
  langid       = {pinyin},
  number       = {3},
  pages        = {133--138},
  title        = {多主体参与的开放式创新模式研究},
  url          = {https://kns.cnki.net/kcms2/article/abstract?v=FqYZq-Q0wRQ-dIh2FFkM5L0dOeKxKcB6yexD7C9F0NPhBPr_m80Ul5BQ4KVL0eDLHnsHHCBzNInSa0ybGDSyOdGkZkgfCXkgTo_IXfjboqGESLDTFuL2Fk9cGrmTTtoHdYGDjYDGkrKgfs-oBBP0bVCPJBP4O3F50QiMnBGLtY_AacpYG4pEB9wes_-2udQ5&uniplatform=NZKPT&language=CHS},
  urldate      = {2024-07-21},
  volume       = {25}
}

@article{xia_redian_2015-3,
  abstract     = {以Web of Science数据库中收录的开放式创新文献为研究对象,借助Citespace {II软件进行知识图谱分析},分别制作了时空分布、文献共引和关键词共现知识图谱,进而探究了开放式创新研究的分布状况、变化趋势和热点领域。研究表明:(1)英美两国学者引领了开放式创新研究,我国学者在该领域的研究处于稳步提升阶段,但能够密切跟踪国际前沿;(2)开放式创新研究的发展趋势是研究对象日趋多样化、实证研究取代案例研究成为主要研究方法以及基于网络社区的创新交互逐步取代企业实体之间的技术交易和合作研发成为研究主流;(3)开放式创新研究的四个热点领域是开放式创新模式与企业绩效的关系、基于创新网络的研发合作和技术交易、开放式创新知识治理和用户参与的开放式创新实践应用。},
  author       = {夏, 恩君 and 宋, 剑锋},
  date         = {2015},
  doi          = {10.19571/j.cnki.1000-2995.2015.07.004},
  file         = {开放式创新研究的演化路径和...析------基于科学知识图谱视角_夏恩君.pdf:/Users/morvenliu/Zotero/storage/7FKASSB9/开放式创新研究的演化路径和...析------基于科学知识图谱视角_夏恩君.pdf:application/pdf},
  issn         = {1000-2995},
  journaltitle = {科研管理},
  keywords     = {citespace {II}, 开放式创新, 演化路径, 热点, 知识图谱},
  langid       = {pinyin},
  number       = {7},
  pages        = {28--37},
  title        = {开放式创新研究的演化路径和热点领域分析------基于科学知识图谱视角},
  url          = {https://kns.cnki.net/kcms2/article/abstract?v=FqYZq-Q0wRRb5YdQzcheUoGdcmf8d6mH-0bIX29RKMF7PcfRSq75Y0MxEtY7LSI5AnHBOnw10O2RwzLsre4F47YRAWNyYktQ4TVfNrOLayMgo07FVqYGjV8chxzB-8fNUtvt8QT1vesmWL4_C-ct4XCI_VwGdMUTQANt5Y7ngBU8PcyzrDXVv5O3pgBPcWijfySY1gBTfBc=&uniplatform=NZKPT&language=CHS},
  urldate      = {2024-07-21},
  volume       = {36}
}

@article{xia_zhongbao_2015,
  abstract      = {回顾了开放式创新众包模式的已有研究。首先阐述了众包的定义内涵、主体维度等,然后归纳了现有的众包模式,分析了企业和大众参与者参与众包的驱动因素,并总结了企业创新绩效的影响因素,指出了现有研究存在的不足。最后对众包的未来研究进行了展望。},
  author        = {夏, 恩君 and 赵, 轩维 and 李, 森},
  date          = {2015},
  date-modified = {2024-07-28 19:54:23 +0800},
  file          = {国外众包研究现状和趋势_夏恩君.pdf:/Users/morvenliu/Zotero/storage/CMZH2XX6/国外众包研究现状和趋势_夏恩君.pdf:application/pdf},
  issn          = {1002-980X},
  journaltitle  = {技术经济},
  keywords      = {众包, 创新绩效, 开放式创新, 驱动因素},
  langid        = {pinyin},
  number        = {1},
  pages         = {28--36},
  title         = {国外众包研究现状和趋势},
  url           = {https://kns.cnki.net/kcms2/article/abstract?v=FqYZq-Q0wRQNcT53uLgzT9bAfDTB3AuSG1HHD0NylQaMGL2LA1GZrhOTmBBzsWU-3UxuxqLCHCS9Fd8bBTSLJeK9Nqj0Ds1WpUGnwD0dmzXJIEtknAQl-AiNxMNY-M1hCxHe6bz04q6pEhzMeSanaF2-yXeJCn0lNbCt45ortdGBgZk8wJVGGVvel2InXEjU6mbnow4TNAE=&uniplatform=NZKPT&language=CHS},
  urldate       = {2024-07-21},
  volume        = {34}
}

@article{yang_jishuchuangxin_2007,
  abstract      = {开放式创新模式描述了让各种创意流入企业和让各种创意流出企业的必要性。吸收能力和转化能力有利于公司将内部技术和外部技术整合起来,以形成更为复杂的技术组合,用来创造新系统和新架构。技术扩散能力有利于公司将研究成果出售给其他可以将其利用于自身的业务体系的公司,并从中获得额外收入和利润。因此,成功地实施开放式创新模式,要求企业增强吸收能力、转化能力和技术扩散能力。},
  author        = {杨, 静武},
  date          = {2007},
  date-modified = {2024-07-28 19:54:30 +0800},
  file          = {开放式创新模式下的技术创新能力研究_杨静武.pdf:/Users/morvenliu/Zotero/storage/W36SMSGR/开放式创新模式下的技术创新能力研究_杨静武.pdf:application/pdf},
  issn          = {1003-7217},
  journaltitle  = {财经理论与实践},
  keywords      = {吸收能力, 开放式创新, 技术扩散能力, 转化能力},
  langid        = {pinyin},
  number        = {2},
  pages         = {98--102},
  title         = {开放式创新模式下的技术创新能力研究},
  url           = {https://kns.cnki.net/kcms2/article/abstract?v=FqYZq-Q0wRRJzJO8r7i14ksyQEhlNaJZSf7psFtboVQCk3S_u520dtG0I7g-uEhAdald0Accdag_Oiwr09slH5hGtAditupYIvtdbwBmmx-rTaGipoihSvMjQgCARdlynvU-oeYg24CxYVYKDhCVSF7WYW6UdSz3VXBQSj947EyXEY1-9ZoFjkMwWbhg1MZx&uniplatform=NZKPT&language=CHS},
  urldate       = {2024-07-21},
  bdsk-url-1    = {https://kns.cnki.net/kcms2/article/abstract?v=FqYZq-Q0wRRJzJO8r7i14ksyQEhlNaJZSf7psFtboVQCk3S_u520dtG0I7g-uEhAdald0Accdag_Oiwr09slH5hGtAditupYIvtdbwBmmx-rTaGipoihSvMjQgCARdlynvU-oeYg24CxYVYKDhCVSF7WYW6UdSz3VXBQSj947EyXEY1-9ZoFjkMwWbhg1MZx&uniplatform=NZKPT&language=CHS}
}

@article{yang_shichang_2015,
  abstract     = {作为企业战略导向的重要维度,市场导向强调对客户、竞争对手的信息的获取、整理以及分享。为了不断创造卓越价值,企业需要不断溶解并打破组织边界,建立与外部组织的正式或非正式的合作关系,来获得不同类型的创新资源。本研究以中国214家高科技制造型企业作为研究对象,运用结构方程建模研究方法,探讨了企业的市场导向、开放度与创新绩效的关系。我们发现:(1)市场导向对企业创新绩效有积极的影响,企业的市场导向越强,那么创新绩效越高。(2)环境动荡性对开放度与创新绩效关系起着正向调节作用。(3)市场导向通过影响企业开放度进而提高企业的创新绩效。},
  author       = {阳, 银娟 and 陈, 劲},
  date         = {2015},
  doi          = {10.19571/j.cnki.1000-2995.2015.03.013},
  file         = {开放式创新中市场导向对创新绩效的影响研究_阳银娟.pdf:/Users/morvenliu/Zotero/storage/PRU6GRVD/开放式创新中市场导向对创新绩效的影响研究_阳银娟.pdf:application/pdf},
  issn         = {1000-2995},
  journaltitle = {科研管理},
  keywords     = {创新绩效, 市场导向, 开放度, 开放式创新},
  langid       = {pinyin},
  number       = {3},
  pages        = {103--110},
  title        = {开放式创新中市场导向对创新绩效的影响研究},
  url          = {https://kns.cnki.net/kcms2/article/abstract?v=FqYZq-Q0wRQGB43CowZMVeWOOq6X0N3Xs6RAjsghJu_n8POS-lvY9MqF7qSYStyKSW57kFn37QaND2_OFSjnHpib3z8eLSAqZb1od7jYzJYvPVfVhyPM7S_SNbBv9wbyMRexkbOn-IwL6ptFbJnpnkHCoLdRrF7FbMI3sCBqUPh83tHpssh0tdWmY-x8hUeVP3AXfVxgLaE=&uniplatform=NZKPT&language=CHS},
  urldate      = {2024-07-21},
  volume       = {36},
  bdsk-url-1   = {https://kns.cnki.net/kcms2/article/abstract?v=FqYZq-Q0wRQGB43CowZMVeWOOq6X0N3Xs6RAjsghJu_n8POS-lvY9MqF7qSYStyKSW57kFn37QaND2_OFSjnHpib3z8eLSAqZb1od7jYzJYvPVfVhyPM7S_SNbBv9wbyMRexkbOn-IwL6ptFbJnpnkHCoLdRrF7FbMI3sCBqUPh83tHpssh0tdWmY-x8hUeVP3AXfVxgLaE=&uniplatform=NZKPT&language=CHS},
  bdsk-url-2   = {https://doi.org/10.19571/j.cnki.1000-2995.2015.03.013}
}

@article{yang_shijian_2005,
  abstract     = {与将技术紧紧地控制在企业内部的封闭式创新不同,开放式创新引导一种新理念,即在技术、产品研究的各个阶段,企业应积极寻求内外创新资源,组合成一个利用各方力量的各施所长的创新模式,实现在最少的资源投入下最大化创新产出。本文提出了开放式创新战略并对其运行机制进行了探讨,同时结合飞利浦公司作深入研究,以期为我国政府和企业创新政策调整提供新思路。},
  author       = {杨, 武 and 申, 长江},
  date         = {2005},
  file         = {开放式创新理论及企业实践_杨武.pdf:/Users/morvenliu/Zotero/storage/YPKRFWXF/开放式创新理论及企业实践_杨武.pdf:application/pdf},
  issn         = {1003-1154},
  journaltitle = {管理现代化},
  keywords     = {封闭式创新, 开放式创新, 技术创新},
  langid       = {pinyin},
  number       = {5},
  pages        = {4--6},
  title        = {开放式创新理论及企业实践},
  url          = {https://kns.cnki.net/kcms2/article/abstract?v=FqYZq-Q0wRQDqa9b35Hs63yUT4xPNinxcnpHQOZE22c7VXYdSDNuanBemmcOm1MbcLPhtcqgqRG3CdxdW9Uyh9XIMq7s4hwZOLlL0srrqOd1Jmj6EDUjejTBLITjctwtTSkJylaHAIlydH2vQM0Yq0hf2_lgl1Ot7xX_FP0YxdCrK_7MNxyZlvMdaYVM7zlj&uniplatform=NZKPT&language=CHS},
  urldate      = {2024-07-21},
  bdsk-url-1   = {https://kns.cnki.net/kcms2/article/abstract?v=FqYZq-Q0wRQDqa9b35Hs63yUT4xPNinxcnpHQOZE22c7VXYdSDNuanBemmcOm1MbcLPhtcqgqRG3CdxdW9Uyh9XIMq7s4hwZOLlL0srrqOd1Jmj6EDUjejTBLITjctwtTSkJylaHAIlydH2vQM0Yq0hf2_lgl1Ot7xX_FP0YxdCrK_7MNxyZlvMdaYVM7zlj&uniplatform=NZKPT&language=CHS}
}

@article{yang_shuangxunhuan_2021,
  abstract     = {随着全球经济的快速发展和创新环境的变化,企业所依赖的创新资源和创新形式都呈现出指数型增长,开放式创新逐渐成为创新的主流范式。企业如何在国内创新网络与全球创新网络的"双循环"中实现平衡,并充分利用数字赋能和组织柔性的作用以促进企业创新能力的提升,是当前企业面临的重要问题。本文讨论了国内创新网络和全球创新网络对企业创新能力的影响,以及数字赋能和组织柔性在其中所起到的作用机制,研究结果显示:第一,开放式创新网络对企业创新能力的作用因国内创新网络和全球创新网络而存在异质性作用;第二,创新网络嵌入链接的建立必然需要企业付出相应的成本,企业过度嵌入全球创新网络会对创新能力产生不利影响;第三,国内创新网络和全球创新网络之间的平衡对企业的经营具有重要的影响,本文构建的综合平衡与相对平衡指标显示适度的平衡能够促进企业创新能力的提升;第四,数字化和组织结构的革新正在改变企业的经营模式,能够对国内和全球创新网络与创新能力之间的关系产生调节作用;第五,实践中创新网络嵌入中的平衡显示出"双循环"战略的重要作用和启发意义。},
  author       = {杨, 震宁 and 侯, 一凡 and 李, 德辉 and 吴, 晨},
  date         = {2021},
  doi          = {10.19744/j.cnki.11-1235/f.2021.0178},
  file         = {中国企业``双循环''中开放式...于数字赋能与组织柔性的考察_杨震宁.pdf:/Users/morvenliu/Zotero/storage/LQX6CKQ8/中国企业``双循环''中开放式...于数字赋能与组织柔性的考察_杨震宁.pdf:application/pdf},
  issn         = {1002-5502},
  journaltitle = {管理世界},
  keywords     = {创新能力, 开放式创新, 数字化转型, 组织柔性},
  langid       = {pinyin},
  number       = {11},
  pages        = {184--205+12},
  title        = {中国企业``双循环''中开放式创新网络的平衡效应------基于数字赋能与组织柔性的考察},
  url          = {https://kns.cnki.net/kcms2/article/abstract?v=FqYZq-Q0wRRp1PSYt1r9zVYkfvBI_0UNLsBQUJUYkPSSfUfw_1xJqrYUY-JQtA81DTqjbvVqDbafiS-Pd3acFchGdj0RED8WyE_j6M4F5XRzzo6ROSpACxNSnixvAk3r4xnk0rou712uQqKIk8ivE2yzxF_4zsSxpGw0nLEzfC4MFsbj8x61SI4XGs1yKZ8cqC4srrIP4YA=&uniplatform=NZKPT&language=CHS},
  urldate      = {2024-07-21},
  volume       = {37},
  bdsk-url-1   = {https://kns.cnki.net/kcms2/article/abstract?v=FqYZq-Q0wRRp1PSYt1r9zVYkfvBI_0UNLsBQUJUYkPSSfUfw_1xJqrYUY-JQtA81DTqjbvVqDbafiS-Pd3acFchGdj0RED8WyE_j6M4F5XRzzo6ROSpACxNSnixvAk3r4xnk0rou712uQqKIk8ivE2yzxF_4zsSxpGw0nLEzfC4MFsbj8x61SI4XGs1yKZ8cqC4srrIP4YA=&uniplatform=NZKPT&language=CHS},
  bdsk-url-2   = {https://doi.org/10.19744/j.cnki.11-1235/f.2021.0178}
}

@article{yang_zhishichanquan_2006,
  abstract     = {本文论述了开放式创新理论发展及其成因,从四个方面分析了在基于开放式创新模式下的知识产权管理理论问题。提出了:从基于技术创新的角度、从技术-经济-法律一体化的角度、从商业化的角度、从利益机制的角度研究基于开放式创新的知识产权管理理论问题。},
  author       = {杨, 武},
  date         = {2006},
  doi          = {10.16192/j.cnki.1003-2053.2006.02.027},
  file         = {基于开放式创新的知识产权管理理论研究_杨武.pdf:/Users/morvenliu/Zotero/storage/JTQFCX8H/基于开放式创新的知识产权管理理论研究_杨武.pdf:application/pdf},
  issn         = {1003-2053},
  journaltitle = {科学学研究},
  keywords     = {开放式创新, 知识产权, 管理},
  langid       = {pinyin},
  number       = {2},
  pages        = {311--314},
  title        = {基于开放式创新的知识产权管理理论研究},
  url          = {https://kns.cnki.net/kcms2/article/abstract?v=FqYZq-Q0wRSKbbtjkb8u1LukrbQVZ-TRykv3rzO7-cCMNkGJ2O2tB7oR5pUQQq0gg4xUpNOWSNCa4KkDLhTieRVgxk4Ja7O1K4zQtv7w46Kmz2S0jabD_GM5YXz85pPhKMXCDezn4VDfioxVjD_90ikKClGp8ZWpFAlZ_EBZap3cZqbeDPnFBMtvy7QhJrU5&uniplatform=NZKPT&language=CHS},
  urldate      = {2024-07-21},
  bdsk-url-1   = {https://kns.cnki.net/kcms2/article/abstract?v=FqYZq-Q0wRSKbbtjkb8u1LukrbQVZ-TRykv3rzO7-cCMNkGJ2O2tB7oR5pUQQq0gg4xUpNOWSNCa4KkDLhTieRVgxk4Ja7O1K4zQtv7w46Kmz2S0jabD_GM5YXz85pPhKMXCDezn4VDfioxVjD_90ikKClGp8ZWpFAlZ_EBZap3cZqbeDPnFBMtvy7QhJrU5&uniplatform=NZKPT&language=CHS},
  bdsk-url-2   = {https://doi.org/10.16192/j.cnki.1003-2053.2006.02.027}
}

@article{ying_jiazhiduzhan_2018,
  abstract      = {技术和市场能力相对落后的后发企业在构建全球创新网络过程中不可避免地会遇到两个悖论:权衡开放度(Openness)来获取知识的同时避免知识外泄这一"开放性"悖论;必须与国际领先企业建立连带以获取知识且避免被其破坏自身价值获取的"与狼共舞"悖论。为了解决这两个悖论,本文基于归纳式的案例研究方法,构建了"后发企业从开放式创新网络中价值独占"的理论框架。本文发现,探索式创新网络战略主要通过主导范式设计与因果模糊机制作用于国内市场的价值独占,利用式创新网络战略主要通过因果模糊机制与互补性资产机制作用于国际市场的价值独占。这些结论对开放式创新理论和后发企业追赶理论均有一定贡献,也对中国后发企业有一定启示意义。},
  author        = {应, 瑛 and 刘, 洋 and 魏, 江},
  date          = {2018},
  date-modified = {2024-07-28 19:54:35 +0800},
  doi           = {10.19744/j.cnki.11-1235/f.2018.02.013},
  file          = {开放式创新网络中的价值独占...开放性''和``与狼共舞''悖论_应瑛.pdf:/Users/morvenliu/Zotero/storage/QX6M5UGY/开放式创新网络中的价值独占...开放性''和``与狼共舞''悖论_应瑛.pdf:application/pdf},
  issn          = {1002-5502},
  journaltitle  = {管理世界},
  keywords      = {创新独占, 创新网络, 创新追赶, 开放式创新, 案例研究},
  langid        = {pinyin},
  number        = {2},
  pages         = {144--160+188},
  shorttitle    = {开放式创新网络中的价值独占机制},
  title         = {开放式创新网络中的价值独占机制:打开``开放性''和``与狼共舞''悖论},
  url           = {https://kns.cnki.net/kcms2/article/abstract?v=FqYZq-Q0wRRmqbzdIMRK5etK5MMvKej1XVSi5Cgi0M8nBMNclNWqhy0wTAbdaTUUyaZD1zLhifOt6MVTOvskNeddD4OLfu5XlkcCcZycl8fVhoOH9lea-e0Ah9BAlt5N9l8-WGeV68u8dSkkYZ-PxmK1MAaBxV6O8DlBEHjLTP9GNbvgdO4POmun4EVuKwuBLdKm0pgDrlQ=&uniplatform=NZKPT&language=CHS},
  urldate       = {2024-07-21},
  volume        = {34},
  bdsk-url-1    = {https://kns.cnki.net/kcms2/article/abstract?v=FqYZq-Q0wRRmqbzdIMRK5etK5MMvKej1XVSi5Cgi0M8nBMNclNWqhy0wTAbdaTUUyaZD1zLhifOt6MVTOvskNeddD4OLfu5XlkcCcZycl8fVhoOH9lea-e0Ah9BAlt5N9l8-WGeV68u8dSkkYZ-PxmK1MAaBxV6O8DlBEHjLTP9GNbvgdO4POmun4EVuKwuBLdKm0pgDrlQ=&uniplatform=NZKPT&language=CHS},
  bdsk-url-2    = {https://doi.org/10.19744/j.cnki.11-1235/f.2018.02.013}
}

@article{yu_binggou_2008,
  abstract     = {作为探索性研究,本研究的讨论主要集中于基于并购的开放式创新对于企业自主创新的影响。在理论层面,本研究较深入地探讨了"开放式创新"与"自主创新"的背景及内涵,并构建联系、比较异同。基于2005年以来南汽集团对罗孚公司并购及此后发展的案例,本研究深入回顾了并购全程及后续项目进展,进而讨论了本次基于并购的开放式创新实践对南汽发展自主创新能力的作用。结合案例,本研究结果初步表明:基于并购的开放式创新对企业自主创新有可能产生积极的影响,发生条件是:(1)被并购方知识积累大于并购方或与并购方原知识积累形成互补;(2)并购方有能力整合来自被并购方的创意,使外部创意内化为以开发新产品为表征的内生创新力量。},
  author       = {于, 开乐 and 王, 铁民},
  date         = {2008},
  doi          = {10.19744/j.cnki.11-1235/f.2008.04.015},
  file         = {基于并购的开放式创新对企业...南汽并购罗孚经验及一般启示_于开乐.pdf:/Users/morvenliu/Zotero/storage/93L8LNCE/基于并购的开放式创新对企业...南汽并购罗孚经验及一般启示_于开乐.pdf:application/pdf},
  issn         = {1002-5502},
  journaltitle = {管理世界},
  keywords     = {并购, 开放式创新, 汽车产业, 自主创新},
  langid       = {pinyin},
  number       = {4},
  pages        = {150--159+166},
  title        = {基于并购的开放式创新对企业自主创新的影响------南汽并购罗孚经验及一般启示},
  url          = {https://kns.cnki.net/kcms2/article/abstract?v=FqYZq-Q0wRSNh462ZTKFHjJXgBRJmk2K23s5GyMHSIClFO97gQX55uzopMLZN3UjO0h7ZHhGfGRSNAxlhusyuLx3uGSaYmO3fscuNQ1fS-nLEo4IyTaaETkbBrjmwKyphK8bf7pMZi-HJgLaWWZdx0XPRcemNLEUQ_3eDX8X0-xFlnT2G6kpS_ErOH3Clhxp&uniplatform=NZKPT&language=CHS},
  urldate      = {2024-07-21},
  bdsk-url-1   = {https://kns.cnki.net/kcms2/article/abstract?v=FqYZq-Q0wRSNh462ZTKFHjJXgBRJmk2K23s5GyMHSIClFO97gQX55uzopMLZN3UjO0h7ZHhGfGRSNAxlhusyuLx3uGSaYmO3fscuNQ1fS-nLEo4IyTaaETkbBrjmwKyphK8bf7pMZi-HJgLaWWZdx0XPRcemNLEUQ_3eDX8X0-xFlnT2G6kpS_ErOH3Clhxp&uniplatform=NZKPT&language=CHS},
  bdsk-url-2   = {https://doi.org/10.19744/j.cnki.11-1235/f.2008.04.015}
}

@article{yuan_zhuanli_2010,
  abstract      = {开放式创新促进了专利交易,也加速了创新专业化分工。专利经营公司选择并实施专利集中战略,预示着专利呈现集中管理的趋势。专利集中战略是开放式创新和专业化分工共同作用的产物。本文以美国高智投资公司为案例,分析了专利集中战略的内涵,解释了企业选择专利集中战略的原因,并提出我国企业借鉴专利集中战略的建议。},
  author        = {袁, 晓东 and 孟, 奇勋},
  date          = {2010},
  date-modified = {2024-07-28 19:54:39 +0800},
  doi           = {10.19571/j.cnki.1000-2995.2010.05.020},
  file          = {开放式创新条件下的专利集中战略研究_袁晓东.pdf:/Users/morvenliu/Zotero/storage/YQSNPGQ9/开放式创新条件下的专利集中战略研究_袁晓东.pdf:application/pdf},
  issn          = {1000-2995},
  journaltitle  = {科研管理},
  keywords      = {专利经营公司, 专利集中战略, 开放式创新},
  langid        = {pinyin},
  number        = {5},
  pages         = {157--163},
  title         = {开放式创新条件下的专利集中战略研究},
  url           = {https://kns.cnki.net/kcms2/article/abstract?v=FqYZq-Q0wRRdBnVhEWOs3PcE6fyhxtowWMjj0jbpbA8cJJsCpUFY33hsJ3oVsc1BniPEnOI_K47qmOsXnGLf9DPT6S8IsXgFFbFWJDD4pcQtA3OzsC9J_dJrD2udoW85iZyGJTMK0ZnL9o_eeXgwCjXnHWpWLBsHSo9RFJgGnR8UyBe1Uy1lnO9mN15fO1dH&uniplatform=NZKPT&language=CHS},
  urldate       = {2024-07-21},
  volume        = {31},
  bdsk-url-1    = {https://kns.cnki.net/kcms2/article/abstract?v=FqYZq-Q0wRRdBnVhEWOs3PcE6fyhxtowWMjj0jbpbA8cJJsCpUFY33hsJ3oVsc1BniPEnOI_K47qmOsXnGLf9DPT6S8IsXgFFbFWJDD4pcQtA3OzsC9J_dJrD2udoW85iZyGJTMK0ZnL9o_eeXgwCjXnHWpWLBsHSo9RFJgGnR8UyBe1Uy1lnO9mN15fO1dH&uniplatform=NZKPT&language=CHS},
  bdsk-url-2    = {https://doi.org/10.19571/j.cnki.1000-2995.2010.05.020}
}

@article{yue_shuangyuan_2018,
  abstract      = {以开放式创新情境为研究背景,深入揭示创新主体差异性(组织类型差异、技术能力差异、目标差异)、双元组织学习与开放式创新绩效之间的关系。并基于284份有效样本调查数据,运用层次回归分析对假设进行检验。研究发现:创新主体组织类型差异、技术能力差异与开放式创新绩效呈倒U型关系;创新主体目标差异对创新绩效有负向效应。另外,双元组织学习在创新主体差异性与开放式创新绩效之间扮演着中介角色,可是细分的创新主体差异性维度与探索式学习和利用式学习之间的作用关系及作用大小却存在显著差异。},
  author        = {岳, 鹄 and 张, 宗益 and 朱, 怀念},
  date          = {2018},
  date-modified = {2024-07-28 19:54:42 +0800},
  file          = {创新主体差异性、双元组织学习与开放式创新绩效_岳鹄.pdf:/Users/morvenliu/Zotero/storage/BT2UA4YY/创新主体差异性、双元组织学习与开放式创新绩效_岳鹄.pdf:application/pdf},
  issn          = {1672-884X},
  journaltitle  = {管理学报},
  keywords      = {主体差异性, 利用式学习, 开放式创新, 探索式学习},
  langid        = {pinyin},
  number        = {1},
  pages         = {48--56},
  title         = {创新主体差异性、双元组织学习与开放式创新绩效},
  url           = {https://kns.cnki.net/kcms2/article/abstract?v=FqYZq-Q0wRRkXZlxMejnJzpdVhtFhKSXc6HbwI4ptbeI_UTP5CdyG37nxmBbwaEk_w6RR1zee9ysvybZuAOU9OBwmPBtb7jsWDgxumKTKhuIMlXYQ9Y4ZAYwyd5xTtm4tAdkQME1XVE1rPYNW98CsydU9pYPKrVvG-WIQI2zlbDXnUIF68OUgioNa-l8ARbwbzaNa9fh_Nw=&uniplatform=NZKPT&language=CHS},
  urldate       = {2024-07-21},
  volume        = {15},
  bdsk-url-1    = {https://kns.cnki.net/kcms2/article/abstract?v=FqYZq-Q0wRRkXZlxMejnJzpdVhtFhKSXc6HbwI4ptbeI_UTP5CdyG37nxmBbwaEk_w6RR1zee9ysvybZuAOU9OBwmPBtb7jsWDgxumKTKhuIMlXYQ9Y4ZAYwyd5xTtm4tAdkQME1XVE1rPYNW98CsydU9pYPKrVvG-WIQI2zlbDXnUIF68OUgioNa-l8ARbwbzaNa9fh_Nw=&uniplatform=NZKPT&language=CHS}
}

@article{yun_exploratory_2014,
  author     = {Yun, J.H.J. and Cho, B.-J.},
  doi        = {10.1108/JSTPM-01-2014-0001},
  journal    = {Journal of Science and Technology Policy Management},
  number     = {1},
  pages      = {24--40},
  title      = {An exploratory study of the economic effect of open innovation},
  url        = {https://www.scopus.com/inward/record.uri?eid=2-s2.0-84927513983&doi=10.1108%2fJSTPM-01-2014-0001&partnerID=40&md5=3716b4773926496fc83b1f932417dd03},
  volume     = {5},
  year       = {2014},
  bdsk-url-1 = {https://www.scopus.com/inward/record.uri?eid=2-s2.0-84927513983&doi=10.1108%2fJSTPM-01-2014-0001&partnerID=40&md5=3716b4773926496fc83b1f932417dd03},
  bdsk-url-2 = {https://doi.org/10.1108/JSTPM-01-2014-0001}
}

@article{zhang_guowai_11_2015,
  abstract     = {对过去11年来国外开放式创新研究成果进行回顾,构建了一个整合性开放式创新模型,阐明了开放式创新实质是创新资源能够在组织之间自由流动、优化配置和有效利用,进而提高创新有效性的过程。认为其创新绩效受到组织内外各种因素的交互影响,而动态的、系统的管理策略往往比单一的、静态的策略更能有效应对开放式创新所面临的诸多挑战。指出组织网络能力及其建构、创新界面及其管理、共同创造及其成果分享会成为未来研究重点。},
  author       = {张, 永成 and 郝, 冬冬 and 王, 希},
  date         = {2015},
  file         = {国外开放式创新理论研究11年_回顾、评述与展望_张永成.pdf:/Users/morvenliu/Zotero/storage/F7566MEB/国外开放式创新理论研究11年_回顾、评述与展望_张永成.pdf:application/pdf},
  issn         = {1002-0241},
  journaltitle = {科学学与科学技术管理},
  keywords     = {回顾, 展望, 开放式创新, 评述},
  langid       = {pinyin},
  number       = {3},
  pages        = {13--22},
  shorttitle   = {国外开放式创新理论研究11年},
  title        = {国外开放式创新理论研究11年:回顾、评述与展望},
  url          = {https://kns.cnki.net/kcms2/article/abstract?v=FqYZq-Q0wRQj7fSa0qhVV7Dgw4r1XZxr1YkPibSqSIdszES3aM4Bta-6-woygo9kZuh83A6R5YxWbhW_QuIKHUNDJKX0Jo3ar_CVZFeQG5f3k0AE9OOTiXhn75fxHBcwWA7XkgMIY1cnRiWgufbcQD150wiM3ucgYIzEd3qMk5OUuXx-fmfEBZTjOKh6Z9Iuu6K9qKhTPds=&uniplatform=NZKPT&language=CHS},
  urldate      = {2024-07-21},
  volume       = {36},
  bdsk-url-1   = {https://kns.cnki.net/kcms2/article/abstract?v=FqYZq-Q0wRQj7fSa0qhVV7Dgw4r1XZxr1YkPibSqSIdszES3aM4Bta-6-woygo9kZuh83A6R5YxWbhW_QuIKHUNDJKX0Jo3ar_CVZFeQG5f3k0AE9OOTiXhn75fxHBcwWA7XkgMIY1cnRiWgufbcQD150wiM3ucgYIzEd3qMk5OUuXx-fmfEBZTjOKh6Z9Iuu6K9qKhTPds=&uniplatform=NZKPT&language=CHS}
}

@article{zhang_pingguo_2014,
  abstract      = {云创新是继开放式创新之后出现的一种新型创新模式。对云创新模式内涵进行理论分析,并构建了云创新模式的两类具体实践方式---------自主型云创新模型与中介型云创新模型。通过对苹果公司云创新实践的案例分析,从创新模式视角探讨了苹果公司成功的根源。研究表明,运用云创新模式,创新主体能够更广泛地利用外部资源,突破自身创新资源不足的束缚,取得在开放式创新等传统创新模式下难以实现的创新绩效。},
  author        = {张, 玉明 and 梁, 尔昂},
  date          = {2014},
  date-modified = {2024-07-28 19:51:44 +0800},
  file          = {张 and 梁 - 2014 - 云创新模式内涵分析与模型构建------以苹果公司为例.pdf:/Users/morvenliu/Zotero/storage/9JB5ZSHC/张 and 梁 - 2014 - 云创新模式内涵分析与模型构建------以苹果公司为例.pdf:application/pdf},
  issn          = {1001-7348},
  journaltitle  = {科技进步与对策},
  keywords      = {云创新, 内部云, 创新模式, 外部云},
  langid        = {pinyin},
  number        = {4},
  pages         = {1--5},
  title         = {云创新模式内涵分析与模型构建------以苹果公司为例},
  urldate       = {2024-07-21},
  volume        = {31},
  bdsk-url-1    = {https://kns.cnki.net/kcms2/article/abstract?v=FqYZq-Q0wRShkxoXrp-km9K8EsOMgu5bsvFjAEQf4WiFHQCPjRaUFTz8LF5uZCuQEifA3S-NlI8nv5mIR_n6bf5wtM9qTKLEsPqis3j7x6KvfHuHhNbBuNFWSI39M8od--Bx8Hwqn5xCs4dSOdDwP3mEELyYx2RCq-y6krho9oyTu59Op4VF72Uiszgh-sT9H2q-JHCUfmE=&uniplatform=NZKPT&language=CHS}
}

@article{zhang_shizheng_2012,
  abstract      = {近年来,开放式创新逐渐成为理论界和实务界关注的热点问题,但相关实证研究数量有限、视角分散,制约了相关理论研究的发展。鉴于此,本文围绕内向型和外向型开放式创新与绩效的关系及影响两者关系的情境因素两个问题,对现有实证研究进行了系统梳理,从研究的内容、结论和设计等方面指出了现存问题,提出了未来的研究方向,并构建了开放式创新实证研究的整合框架,目的在于为后续的实证研究提供必要的参考和借鉴。},
  author        = {张, 峰},
  date          = {2012},
  date-modified = {2024-07-28 19:54:47 +0800},
  doi           = {10.16538/j.cnki.fem.2012.05.001},
  file          = {开放式创新实证研究述评与未来展望_张峰.pdf:/Users/morvenliu/Zotero/storage/6JM8C7LY/开放式创新实证研究述评与未来展望_张峰.pdf:application/pdf},
  issn          = {1001-4950},
  journaltitle  = {外国经济与管理},
  keywords      = {开放式创新, 技术外部商业化, 绩效, 资源开发, 资源获取},
  langid        = {pinyin},
  number        = {5},
  pages         = {52--58+81},
  title         = {开放式创新实证研究述评与未来展望},
  url           = {https://kns.cnki.net/kcms2/article/abstract?v=FqYZq-Q0wRRvcDAQdZxaZuVRWKEkCYmlWTMYPOHqdu2cgaByzllkPVQ6Ifx-5YR_vLs6tlIaNFZxTd8fxveCBpNDjVed6RXtdh9Kog0ZyTeEfVECRSWFUgItIqoWKg6vojHI7F0CKa_DRIRKcLgFhKOJU7UKmB3L0Haqgkl9PqSS4I5d7EVLVHd_b1Ufp36m&uniplatform=NZKPT&language=CHS},
  urldate       = {2024-07-21},
  volume        = {34},
  bdsk-url-1    = {https://kns.cnki.net/kcms2/article/abstract?v=FqYZq-Q0wRRvcDAQdZxaZuVRWKEkCYmlWTMYPOHqdu2cgaByzllkPVQ6Ifx-5YR_vLs6tlIaNFZxTd8fxveCBpNDjVed6RXtdh9Kog0ZyTeEfVECRSWFUgItIqoWKg6vojHI7F0CKa_DRIRKcLgFhKOJU7UKmB3L0Haqgkl9PqSS4I5d7EVLVHd_b1Ufp36m&uniplatform=NZKPT&language=CHS},
  bdsk-url-2    = {https://doi.org/10.16538/j.cnki.fem.2012.05.001}
}

@article{zhao_duoyuanhua_2016,
  abstract     = {开放式创新中的外部技术获取及其对企业绩效的影响已广受关注,但却鲜有关于外部技术获取对产品多元化影响的研究。本文采用2010-2012年高技术上市公司的数据进行多元层次回归分析,实证检验了外部技术获取对产品多元化的影响以及动态能力三个构成要素对二者关系的调节效应。回归结果显示,外部技术获取对产品多元化有显著的正向促进作用,动态能力中的吸收能力、适应能力和创新能力分别对外部技术获取与产品多元化间的关系有正向调节作用。研究结论丰富和拓展了外部技术获取和产品多元化领域的研究成果,为企业通过外部技术获取促进产品多元化提供理论指导。},
  author       = {赵, 凤 and 王, 铁男 and 王, 宇},
  date         = {2016},
  doi          = {10.14120/j.cnki.cn11-5057/f.2016.06.008},
  file         = {开放式创新中的外部技术获取...化_动态能力的调节作用研究_赵凤.pdf:/Users/morvenliu/Zotero/storage/ML5NZRC2/开放式创新中的外部技术获取...化_动态能力的调节作用研究_赵凤.pdf:application/pdf},
  issn         = {1003-1952},
  journaltitle = {管理评论},
  keywords     = {产品多元化, 动态能力, 外部技术获取, 开放式创新},
  langid       = {pinyin},
  number       = {6},
  pages        = {76--85+99},
  shorttitle   = {开放式创新中的外部技术获取与产品多元化},
  title        = {开放式创新中的外部技术获取与产品多元化:动态能力的调节作用研究},
  url          = {https://kns.cnki.net/kcms2/article/abstract?v=FqYZq-Q0wRTEMOR1181CCGo5DuBUybDR2SC2tO4oozblbdGpWD-H8jm8QJHgPMYyD3JbiAXsgAysLu5_ZYdmZhcbHqcosWLOPD3C08l37eusN8cyCtKBBGpImQDRlOgi6h0vdY5f1kTni-l9ay80CweeRhGb7ASCCm6zC485V3enWeFs2FgO82q2sdXXlJ8Shj5W2K5Q0QU=&uniplatform=NZKPT&language=CHS},
  urldate      = {2024-07-21},
  volume       = {28},
  bdsk-url-1   = {https://kns.cnki.net/kcms2/article/abstract?v=FqYZq-Q0wRTEMOR1181CCGo5DuBUybDR2SC2tO4oozblbdGpWD-H8jm8QJHgPMYyD3JbiAXsgAysLu5_ZYdmZhcbHqcosWLOPD3C08l37eusN8cyCtKBBGpImQDRlOgi6h0vdY5f1kTni-l9ay80CweeRhGb7ASCCm6zC485V3enWeFs2FgO82q2sdXXlJ8Shj5W2K5Q0QU=&uniplatform=NZKPT&language=CHS},
  bdsk-url-2   = {https://doi.org/10.14120/j.cnki.cn11-5057/f.2016.06.008}
}

@article{zhou_zhuanbian_2012,
  abstract      = {开放式创新是指企业利用和整合外部知识资源进行创新和商业化过程,以及将内部有价值的创意、知识、技术输出到组织外部,由其它组织来进行商业化过程。本文比较了开放式创新与封闭式创新模式的内涵、基本原则及绩效,分析了中国产业发展所面临的创新模式封闭、自主创新能力不足的问题,在此基础上提出在开放式创新范式下的产业和企业发展新举措。},
  author        = {周, 立群 and 刘, 根节},
  date          = {2012},
  date-modified = {2024-07-28 19:54:52 +0800},
  doi           = {10.16158/j.cnki.51-1312/f.2012.06.013},
  file          = {由封闭式创新向开放式创新的转变_周立群.pdf:/Users/morvenliu/Zotero/storage/G9TMW82F/由封闭式创新向开放式创新的转变_周立群.pdf:application/pdf},
  issn          = {1003-5656},
  journaltitle  = {经济学家},
  keywords      = {创新举措, 封闭式创新, 开放式创新},
  langid        = {pinyin},
  number        = {6},
  pages         = {53--57},
  title         = {由封闭式创新向开放式创新的转变},
  url           = {https://kns.cnki.net/kcms2/article/abstract?v=FqYZq-Q0wRRqdl7JiIxQxpmimfwORyPKJSmlykHqmU7FBZna0MZQLrmQcpTJz2muaCx7WMA_0NKvac7i-h6O0kSBpfGrZKPc_HgQRoEboBfAV7irQ6aLzCiITtDRHKy5y_GxIkCGDRMz1r-cq7HHu5ulJs0_t6BvmjFI4EHHBJZFvLtsxYrtL_AiK9FZ71W2&uniplatform=NZKPT&language=CHS},
  urldate       = {2024-07-21},
  bdsk-url-1    = {https://kns.cnki.net/kcms2/article/abstract?v=FqYZq-Q0wRRqdl7JiIxQxpmimfwORyPKJSmlykHqmU7FBZna0MZQLrmQcpTJz2muaCx7WMA_0NKvac7i-h6O0kSBpfGrZKPc_HgQRoEboBfAV7irQ6aLzCiITtDRHKy5y_GxIkCGDRMz1r-cq7HHu5ulJs0_t6BvmjFI4EHHBJZFvLtsxYrtL_AiK9FZ71W2&uniplatform=NZKPT&language=CHS},
  bdsk-url-2    = {https://doi.org/10.16158/j.cnki.51-1312/f.2012.06.013}
}

@thesis{zhu_xuexi_2008,
  abstract      = {技术创新是企业生存和发展的灵魂。我国企业自主创新能力薄弱,已经成为经济可持续发展的桎梏。国际化和开放式的创新模式,赋予了中国企业极好的机会,可以更广泛、更深入地学习国内外的技术资源,集成全球优势因素提升创新能力和竞争能力。但是国际化和开放只是给中国企业提供了新的机会,并不意味着所有企业都能够在国际化和开放创新过程中获得同样有意义的发展。技术学习的不足和技术学习模式的错位,是当今许多中国企业创新能力落后的根本原因之一。探讨开放式创新模式下,企业如何通过有效的技术学习提升自主创新能力,具有战略性的现实意义。本文正是围绕这一核心问题展开研究。March在1991提出探索性学习和挖掘性学习及其平衡的理论后,探索性学习和挖掘性学习成为组织学习研究的新热点。但是现有的研究更多地集中于探讨两类学习的对立及其企业如何实现平衡上,没有研究者系统地探讨两者之间的协同和动态过程,以及两类学习对创新绩效的作用机理和路径。因此,研究探索性学习和挖掘性学习的协同和作用机理对完善组织学习理论和提供创新实践指导都是十分必要的。在明确了研究背景和研究目标后,作者提出了要解决的主要问题:探索性技术学习和挖掘性技术学习对创新绩效的影响;探索性技术学习和挖掘性技术学习的协同和动态;探索性技术学习和挖掘性技术学习的机理和路径。为解决上述问题,作者在文献研究的基础上,对浙江、江苏、广州等地的20多家企业进行实地调研和深入访谈,并进行了大样本的问卷调查,采用典型案例分析、数理统计和结构方程建模相结合的方法进行研究。本文的主要研究内容和研究成果为以下几个方面:一、组织的持续创新需要多领域的技术能力,这种能力只有通过长期的探索性技术学习和挖掘性技术学习的共同作用获得。基于开放式创新的理论视角,本文首先分析了开放式创新模式对企业获取资源方式的改变,多种外部资源的使用攻破了内部资源稀缺所带来的限制。因此,探索性技术学习和挖掘性技术学习并不是相互对立的,它们之间存在一定的相互依赖性和互补性,企业可以并且需要同时强调探索性技术学习和挖掘性技术学习,并得以提升企业的创新绩效。二、创新需要探索性技术学习和挖掘性技术学习的协同,但这种协同并不是如以前研究者所建议的寻找一个理想的混合比例或者对两者进行资源配置的平衡百分点。本文以U-A模型为基础,结合案例分析和方差分析研究了两类学习的动态。结果表明,从技术创新的变动阶段、过渡阶段到特定阶段...},
  author        = {朱, 朝晖},
  date          = {2008},
  date-modified = {2024-07-28 19:54:57 +0800},
  file          = {基于开放式创新的技术学习协同与机理研究_朱朝晖.pdf:/Users/morvenliu/Zotero/storage/I25D4PD7/基于开放式创新的技术学习协同与机理研究_朱朝晖.pdf:application/pdf},
  institution   = {浙江大学},
  keywords      = {创新绩效, 开放式创新, 挖掘性技术学习, 探索性技术学习},
  langid        = {pinyin},
  title         = {基于开放式创新的技术学习协同与机理研究},
  type          = {博士},
  url           = {https://kns.cnki.net/kcms2/article/abstract?v=FqYZq-Q0wRRxpyPUUZTiBNmEoeEuCkiWqHkeVe-vyjULZ3RANAXoT4yzjyP1xGcmq7Zb4vYfRQ7kL-k48fzACiWa37TSkv_wbkNvfQ_H6IJst1B7exPfWo8JyLfPwOCFozLPUZrXJIHvvOFCLrVvAeXEcnf-_lX-E29fjIuA5udH0uKO7FYDo18aATeX1guOIq-JSERfnXs=&uniplatform=NZKPT&language=CHS},
  urldate       = {2024-07-21},
  bdsk-url-1    = {https://kns.cnki.net/kcms2/article/abstract?v=FqYZq-Q0wRRxpyPUUZTiBNmEoeEuCkiWqHkeVe-vyjULZ3RANAXoT4yzjyP1xGcmq7Zb4vYfRQ7kL-k48fzACiWa37TSkv_wbkNvfQ_H6IJst1B7exPfWo8JyLfPwOCFozLPUZrXJIHvvOFCLrVvAeXEcnf-_lX-E29fjIuA5udH0uKO7FYDo18aATeX1guOIq-JSERfnXs=&uniplatform=NZKPT&language=CHS}
}
