@book{Cooper2001Winning,
  title     = {Winning at New Products: Accelerating the Process from Idea to Launch},
  author    = {Robert G. Cooper},
  year      = {2001},
  publisher = {Basic Books},
  address   = {New York, NY}
}

@article{Newman2003Structure,
  title   = {The Structure and Function of Complex Networks},
  author  = {Mark E. J. Newman},
  journal = {SIAM Review},
  year    = {2003},
  volume  = {45},
  number  = {2},
  pages   = {167-256},
  doi     = {10.1137/S003614450342480}
}

@book{Barabasi2002Linked,
  title     = {Linked: The New Science of Networks},
  author    = {Albert-László Barabási},
  year      = {2002},
  publisher = {Perseus Publishing},
  address   = {Cambridge, MA}
}

@book{Kerzner2017Project,
  title     = {Project Management: A Systems Approach to Planning, Scheduling, and Controlling},
  author    = {Harold Kerzner},
  year      = {2017},
  edition   = {12th},
  publisher = {John Wiley \& Sons},
  address   = {Hoboken, NJ}
}

@book{Sterman2000SystemDynamics,
  title     = {Business Dynamics: Systems Thinking and Modeling for a Complex World},
  author    = {John D. Sterman},
  year      = {2000},
  publisher = {McGraw-Hill},
  address   = {New York, NY}
}
@inproceedings{pflaum2017using,
  title        = {Using network analysis to evaluate success factors for new product development},
  author       = {Pflaum, Benedict and Weissenberger-Eibl, Marion A.},
  booktitle    = {2017 International Conference on Engineering, Technology and Innovation (ICE/ITMC)},
  pages        = {707--713},
  year         = {2017},
  organization = {IEEE}
}

@article{batallas2006information,
  title     = {Information leaders in product development organizational networks: Social network analysis of the design structure matrix},
  author    = {Batallas, Diego A and Yassine, Ali A},
  journal   = {IEEE Transactions on Engineering Management},
  volume    = {53},
  number    = {4},
  pages     = {570--582},
  year      = {2006},
  publisher = {IEEE}
}

@article{bencherif2020complex,
  title     = {Complex network to enhance characterization analysis in modelling product development process},
  author    = {Bencherif, F and Mouss, L},
  journal   = {Journal of Innovation and Entrepreneurship},
  volume    = {9},
  number    = {1},
  pages     = {1--15},
  year      = {2020},
  publisher = {Springer}
}

@article{wu2016understanding,
  title     = {Understanding communication and collaboration in social product development through social network analysis},
  author    = {Wu, Dazhong and Rosen, David W and Panchal, Jitesh H and Schaefer, Dirk},
  journal   = {Journal of Computing and Information Science in Engineering},
  volume    = {16},
  number    = {2},
  pages     = {021001},
  year      = {2016},
  publisher = {American Society of Mechanical Engineers Digital Collection}
}
